2400 3944
118 188 163 252 20
323 188 399 244 IULI
417 187 595 244 FRONTINI
614 187 933 244 STRATEGEMATON

121 352 246 438 gustias
270 352 421 435 exercitu,
445 372 517 416 cum
540 351 607 416 iam
632 351 780 416 omnibus
804 351 1036 418 obuersaretur
1056 352 1136 419 Oan-

120 440 215 505 dinae
230 440 330 505 cladis
346 441 538 523 exemplum,
550 438 709 504 Numidas
725 438 905 519 auxiliares,
919 443 989 505 tam
1004 447 1136 527 propter

119 528 263 614 ipsorum
293 550 388 612 quam
416 531 550 612 propter
578 550 734 612 equorum
761 526 1002 595 deformitatem
1033 530 1136 616 despi-

121 617 263 701 ciendos,
295 618 391 682 iussit
422 617 610 701 adequitare
642 616 791 682 faucibus
822 639 903 701 quae
932 620 1136 686 tenebantur.

86 725 101 772 o
121 705 227 790 primo
251 707 371 771 intenti
393 705 519 790 hostes,
541 727 582 770 ne
606 706 856 790 lacesserentur,
879 707 1059 772 stationem
1084 709 1136 775 ob·

121 795 273 860 iecerunt.
318 795 358 860 de
394 795 556 860 industria
591 792 752 859 Numidae
790 794 830 859 ad
867 795 1052 879 augendum
1091 799 1137 862 sui

68 936 71 942 s
121 887 342 968 contemptum
375 884 443 949 labi
475 883 566 968 equis
595 887 629 948 et
655 904 715 965 per
744 882 920 948 ludibrium
953 888 1136 969 spectaculo

121 995 192 1038 esse
216 971 469 1037 adfectauenmt.
502 970 544 1036 ad
563 971 744 1037 nouitatem
763 971 811 1036 rei
829 971 949 1036 laxatis
968 973 1136 1041 ordinibus

121 1062 253 1126 barbari
275 1062 310 1125 in
334 1061 555 1144 spectaculum
578 1081 680 1144 usque
699 1060 834 1124 resoluti
854 1064 939 1125 sunt.
976 1062 1065 1146 quod
1085 1064 1137 1129 ubi

69 1168 102 1217 10
121 1149 421 1215 animaduerterunt
434 1148 605 1228 Numidae,
623 1148 782 1233 paulatim
797 1149 1002 1214 succedentes
1019 1150 1137 1217 additis
1176 1204 1178 1217 .

121 1238 302 1302 calcaribus
320 1258 379 1322 per
392 1238 595 1303 intermissas
614 1237 758 1302 hostium
773 1237 933 1302 stationes
948 1245 1138 1323 eruperunt:

121 1347 259 1410 quorum
283 1325 397 1391 deinde
420 1348 492 1391 cum
516 1327 682 1410 proximos
705 1326 915 1391 incenderent
944 1348 1056 1412 agros,
1088 1351 1138 1395 ne

120 1436 208 1480 cesse
226 1414 402 1501 Liguribus
426 1415 488 1480 luit
512 1415 643 1480 auocari
666 1414 707 1478 ad
730 1415 932 1480 defendenda
955 1438 1014 1481 sua
1038 1418 1139 1484 inclu·
1165 1477 1168 1484 ,

121 1525 238 1589 sosque
262 1504 428 1569 Romanos
452 1504 609 1569 emittere.

45 1610 101 1660 ⁴15
190 1594 239 1657 17.
272 1592 308 1658 L.
332 1592 436 1676 Sulla,
469 1593 555 1658 bello
585 1592 697 1657 sociali
726 1591 810 1676 apud
834 1591 1026 1658 Aeserniam
1054 1594 1140 1660 inter

121 1681 289 1766 angustias
314 1681 533 1764 deprehensus
558 1681 598 1746 ab
623 1681 767 1746 exercitu
788 1682 946 1765 hostium,
972 1683 1025 1747 cui
1048 1681 1140 1749 Duil·

120 1771 183 1835 lius
206 1775 370 1854 praeerat,
394 1771 567 1854 conloquio
591 1771 694 1854 petito
719 1769 757 1834 de
777 1769 1024 1836 condicionibus
1047 1773 1139 1855 pacis

121 1860 271 1944 agitabat
294 1860 368 1925 sine
386 1861 515 1925 effectu:
546 1859 675 1924 hostem
704 1862 814 1923 tamen
837 1863 972 1942 propter
995 1860 1140 1926 indutias

120 1949 330 2034 neglegentia
352 1949 531 2013 resolutum
551 1946 829 2030 animaduertens,
851 1950 948 2014 nocte
971 1949 1140 2031 profectus

69 2054 102 2103 20
121 2037 235 2103 relicto
258 2038 462 2121 bucinatore,
486 2037 541 2122 qui
563 2037 696 2122 uigilias
721 2036 761 2100 ad
784 2035 880 2101 fidem
899 2038 1140 2104 remanentium

120 2125 279 2191 diuideret
311 2130 344 2190 et
372 2129 488 2211 quarta
519 2126 635 2210 uigilia
667 2125 843 2190 commissa
876 2132 1140 2210 consequeretur,

120 2213 299 2279 incolumes
325 2235 400 2278 suos
423 2236 496 2278 cum
520 2215 670 2278 omnibus
693 2214 925 2298 inpedimentis
951 2217 1141 2281 tormentis·

121 2322 183 2386 que
206 2303 241 2367 in
263 2306 335 2366 tuta
357 2302 516 2386 perduxit.
983 2301 996 2317 “

190 2391 241 2457 18.
270 2391 361 2456 Idem
385 2390 539 2455 aduersus
564 2390 761 2456 Archelaum
784 2391 985 2476 praefectum
1008 2390 1141 2458 Mithri-

69 2497 103 2546 25
122 2479 206 2543 datis
229 2481 264 2544 in
284 2478 498 2565 Cappadocia,
520 2479 693 2563 iniquitate
712 2480 854 2545 locorum
874 2486 908 2545 et
931 2480 1141 2547 multitudine

121 2567 266 2632 hostium
290 2590 430 2652 pressus,
452 2568 531 2634 fecit
548 2568 638 2652 pacis
658 2568 857 2634 mentionem
880 2569 1141 2655 interpositoque

37 2654 40 2659 ’
122 2661 267 2740 tempore
292 2658 390 2722 etiam
412 2657 612 2722 indutiarum
636 2661 670 2721 et
692 2680 750 2741 per
772 2658 853 2723 haec
873 2661 1009 2723 auocata
1033 2658 1139 2724 inten-

122 2746 209 2810 tione
233 2746 456 2812 aduersarium
480 2747 591 2812 euasit.

117 2899 119 2903 ·
197 2877 208 2921 1
230 2869 472 2924 obuersaretur-
487 2867 577 2922 cladis
596 2883 647 2922 om.
662 2868 706 2921 Η1
722 2867 941 2992 qaduersaretur
953 2869 998 2938 ΡΙ
1015 2868 1142 2923 claudia-

50 2956 52 2959 ·
122 2955 175 2994 nae
189 2939 247 3008 bP,
266 2957 314 2995 cro.
328 2941 347 2995 d
365 2956 398 2995 ccc
413 2939 478 2994 Ida.
494 2942 540 3006 35,
550 2943 584 2992 11
602 2941 605 3007 Ι
622 2945 638 2993 2
658 2936 724 2994 auxi
736 2937 839 2994 iatores
853 2940 888 2994 H
901 2943 904 3006 Ι
921 2946 936 2993 3
952 2939 1142 3008 dispiciendas

122 3010 186 3079 H¹l
209 3010 466 3066 blascerenturH
478 3013 482 3078 Ι
504 3015 519 3062 6
540 3009 604 3064 dein
623 3009 658 3065 de
675 3010 753 3066 Stew.
770 3013 775 3077 1
792 3015 807 3063 7
827 3011 971 3078 equosPl
989 3015 1020 3063 11
1041 3011 1142 3068 missas

122 3082 167 3136 Hl
183 3083 188 3151 Ι
204 3082 417 3152 erupueruatH
434 3087 497 3136 cate
513 3096 569 3135 ras.
586 3082 590 3149 Ι
609 3085 641 3135 12
655 3081 790 3150 proximis
800 3082 835 3135 Η
847 3086 850 3147 Ι
867 3081 1050 3137 incenderent
1062 3083 1141 3140 Har-

122 3153 158 3206 tcl
176 3153 235 3208 coll.
254 3153 320 3208 Lau.
340 3156 492 3222 35,11,11
521 3150 616 3206 indeft
634 3151 669 3206 H
692 3152 815 3208 inierunt
834 3153 862 3208 P
881 3154 1024 3208 inruerent
1044 3154 1078 3219 d;
1107 3155 1141 3220 cs.

118 3225 272 3292 p.25,12.
292 3226 444 3293 26,6}14
462 3224 648 3290 romaan,
665 3225 712 3280 sed
730 3241 813 3279 oman
831 3227 863 3279 ia
881 3241 935 3280 ros.
954 3226 957 3289 Ι
976 3229 1009 3279 16
1028 3242 1040 3278 s
1060 3225 1146 3280 llaH

125 3293 190 3346 silla
201 3293 247 3362 ΡΙ
266 3298 298 3348 16
318 3293 354 3347 ad
373 3293 525 3349 exercitum
540 3293 610 3362 ΗΡ,
628 3311 675 3350 em.
693 3296 771 3351 Mod.
789 3297 793 3364 Ι
814 3294 928 3351 duillius
942 3295 1008 3350 ΗΡ
1053 3296 1142 3351 utilas

126 3364 196 3419 Oud.
216 3381 250 3418 ea
273 3364 384 3434 Velm,
401 3370 444 3420 16.
468 3365 593 3436 Appios.
613 3366 637 3422 b.
657 3383 678 3421 c.
699 3370 726 3433 1,
739 3370 776 3421 40
789 3383 843 3438 sqq.
873 3367 902 3422 Ο.
917 3366 1074 3423 Vidacilius
1098 3369 1143 3424 acl

123 3434 154 3490 P.
168 3434 281 3490 Vettius
300 3436 359 3492 coll.
377 3436 453 3493 Oros.
471 3440 616 3504 5,18,16.
631 3443 677 3494 21.
706 3437 830 3508 Appiae.
849 3440 867 3493 l.
883 3440 900 3494 l.
920 3439 1041 3494 conicias
1059 3440 1143 3495 etiam

120 3506 314 3575 probabilius!
342 3513 375 3563 18
394 3523 427 3562 co
450 3506 539 3563 'tabat
557 3508 592 3562 H
613 3511 771 3579 caterua!
797 3516 830 3565 21
851 3512 881 3565 et
898 3526 948 3566 om.
968 3511 1019 3578 ΗΙ
1045 3511 1142 3566 2311]-

125 3577 194 3631 duta
212 3578 247 3632 H
263 3579 268 3646 Ι
294 3584 329 3633 24
348 3525 500 3634 mitridttis
518 3579 582 3633 ΗΡ
601 3581 606 3649 Ι
632 3586 666 3635 27
686 3583 805 3636 auocato
824 3582 859 3635 H
