2400 3944
391 105 501 161 LIBER
519 106 566 162 111.
596 105 673 165 GAP.
692 111 771 162 2-3.
1042 108 1085 174 93

70 271 200 335 biturus
224 273 311 335 esset
331 269 401 335 uini
419 269 650 355 epularumque
669 272 811 356 copiam=
834 270 1007 337 insidiatus
1025 272 1086 357 igi·

69 364 127 425 tur
147 358 310 424 hilaritati
328 362 361 424 et
380 380 462 443 quae
486 381 557 424 eam
581 361 776 444 sequebatur
794 359 961 426 socordiae
984 362 1087 425 muni·

65 451 185 514 menta
202 446 390 514 conscendit
412 448 632 533 uigilibusque
655 449 758 515 caesis
782 449 909 534 aperuit
931 450 1087 515 exercitui

70 537 224 604 Romano
246 537 361 602 urbem
384 536 549 603 nobilibus
572 536 719 604 uictoriis
742 538 873 604 claram.

26 684 31 690 .
139 627 169 693 3.
201 625 399 711 Tarquinius
424 624 603 712 Superbus,
634 648 707 692 cum
737 625 858 693 Gabios
888 626 923 693 in
952 627 1121 697 deditio-t

70 737 147 780 nem
170 715 315 799 accipere
333 736 399 780 non
416 718 540 799 posset,
562 715 664 780 filium
689 737 784 781 suum
803 713 936 781 Sextum
950 715 1087 800 Tarqui·

68 805 163 868 nium
195 825 326 870 caesum
357 803 462 890 uirgis
496 803 538 868 ad
568 803 699 869 hostem
731 804 830 870 misit.
879 804 908 869 is
938 804 1087 870 incusata

70 893 175 977 patris
202 893 344 958 saeuitia
369 893 534 978 persuasit
561 891 711 976 Gabinis,
742 892 816 959 odio
844 914 903 958 suo
932 893 1087 959 aduersus

68 1003 184 1068 regem
215 985 397 1047 uterentur:
430 985 463 1046 et
491 981 555 1046 dux
584 981 625 1047 ad
651 981 774 1046 bellum
803 982 924 1047 electus
952 981 1088 1048 tradidit

69 1070 159 1155 patri
181 1069 311 1136 Gabios.
1109 1090 1142 1140 10

138 1160 171 1224 4.
205 1158 311 1244 Gyrus
333 1156 507 1223 Persarum
534 1180 591 1224 rex
621 1159 774 1225 comitem
797 1182 892 1225 suum
915 1159 1088 1245 Zopyrum,

68 1249 244 1332 explorata
266 1248 334 1313 eius
357 1247 439 1332 fide,
469 1251 622 1314 truncata
655 1247 694 1313 de
726 1248 887 1314 industria
916 1249 1018 1334 facie,
1049 1248 1089 1314 ad

70 1336 186 1403 hostes
214 1336 347 1402 dimisit
393 1336 449 1401 ille
477 1337 668 1403 adsentante
696 1337 888 1403 iniuriarum
923 1338 987 1403 fide
1024 1358 1089 1403 cre

68 1424 161 1492 ditus
183 1424 427 1492 inimicissimus
446 1423 542 1511 Cyro,
566 1448 639 1493 cum
661 1426 747 1493 hanc
769 1427 1013 1512 persuasionem
1037 1426 1090 1491 ad·

70 1515 203 1580 iuuaret
214 1513 433 1600 procurrendo
447 1515 592 1600 propius,
615 1517 763 1601 quotiens
779 1517 846 1582 aeie
861 1517 1089 1600 decertaretur,
1109 1535 1141 1584 16

70 1604 164 1669 etin
187 1625 261 1668 cum
282 1604 350 1669 tela
374 1602 553 1689 dirigendo,
576 1605 781 1670 commissam
805 1605 868 1670 sibi
892 1604 1088 1689 Babylonio·

71 1714 146 1757 rum
168 1692 283 1758 urbem
305 1691 441 1757 tradidit
465 1689 559 1777 Cyro.

140 1780 171 1849 5.
198 1779 380 1866 Philippus,
395 1781 512 1866 oppido
528 1778 701 1846 Saniorum
723 1782 880 1866 exclusus,
899 1781 1089 1866 Apollonidi

69 1869 237 1954 praefecto
257 1891 369 1935 eorum
388 1871 428 1935 ad
446 1869 664 1955 proditionem
684 1873 835 1955 corrupto
857 1871 1030 1955 persuasit,
1053 1873 1090 1934 ut

70 1959 255 2044 plaustrum
264 1958 371 2043 lapide
386 1959 542 2043 quadrato
558 1962 728 2025 oneratum
742 1960 777 2025 in
788 1960 861 2043 ipso
872 1959 961 2025 aditu
975 1963 1090 2046 portae
1109 1978 1143 2027 ao

70 2051 221 2133 ponerer:
245 2046 417 2113 confestim
436 2047 552 2114 deinde
571 2047 666 2133 signo
680 2048 758 2114 dato
771 2049 936 2114 insecutus
956 2047 1090 2132 oppida-

71 2158 134 2202 nos
150 2137 236 2202 circa
256 2136 403 2220 inpedita
416 2139 533 2222 portae
548 2136 691 2203 claustra
702 2136 897 2223 trepidantis
920 2137 1090 2222 oppressit.

141 2226 171 2290 6.
203 2223 371 2291 Hannibal
394 2225 479 2310 apud
494 2224 680 2311 Tarentum,
704 2249 786 2311 quae
809 2225 1007 2310 apraesidio
1027 2225 1090 2292 Ro·

74 2335 173 2380 mano
197 2314 276 2381 duce
299 2312 393 2380 Liuio
416 2315 603 2400 tenebatur,
633 2313 822 2382 Gononeum
846 2315 1006 2400 quendam
1028 2315 1089 2380 Ta·

73 2404 249 2486 tantinum,
268 2424 364 2488 quem
378 2402 419 2469 ad
433 2402 651 2487 proditionem
671 2405 914 2489 sollicitauerat,
933 2403 1091 2470 eiusmodi
1110 2420 1143 2470 25

74 2491 208 2558 fallacia
234 2491 403 2576 instruxit,
434 2495 472 2562 ut
498 2491 555 2557 ille
584 2514 642 2578 per
670 2514 801 2559 causam
828 2493 969 2559 uenandi
991 2495 1091 2558 noctu

73 2581 277 2666 procederet,
306 2581 400 2666 quasi
427 2580 460 2645 id
483 2602 541 2664 per
562 2581 691 2648 hostem
720 2582 861 2648 interdiu
883 2604 949 2648 non
972 2582 1091 2646 liceret

73 2687 290 2698 ..μ-ω*

147 2727 163 2775 3
183 2736 279 2776 caesas
299 2719 346 2790 G!
363 2719 472 2776 lisam.
488 2719 515 2775 G
532 2719 576 2776 his
592 2719 638 2790 ΡΙ
655 2725 671 2775 8
689 2718 766 2790 patri
781 2718 864 2789 GH}
881 2726 896 2775 9
915 2720 972 2775 dux
989 2719 1091 2776 adom.

73 2792 121 2847 H¹
136 2794 141 2862 Ι
159 2797 192 2846 11
212 2790 312 2863 Cyrus]
332 2791 439 2848 Dareus
456 2791 538 2857 Ded„
555 2792 620 2848 itam
637 2792 728 2859 infra:
746 2791 781 2858 cf.
797 2792 888 2860 praef.
906 2790 927 2862 ,ς
942 2794 975 2844 11
994 2790 998 2861 l
1019 2791 1092 2860 aopi·

72 2880 136 2918 rum
155 2862 208 2932 ΗΙ
228 2868 260 2917 la
279 2862 364 2918 facila
381 2862 542 2933 (lecpffl
553 2865 557 2930 Ι
575 2869 607 2917 13
623 2862 807 2918 adsentantae
821 2862 857 2916 H
871 2861 937 2916 adse
955 2862 1052 2915 tantae
1067 2861 1094 2916 G

71 2935 236 2989 assentante
246 2934 275 2988 P
288 2934 441 2990 attestante
453 2934 555 2990 Hartcl
570 2936 575 3005 l
590 2933 722 2989 iniuriam
741 2933 776 2988 Η
788 2935 792 3004 1
809 2933 972 2988 adfirmante
990 2931 1094 2986 iniuria

71 3005 158 3074 fidam
187 3006 360 3073 conueniret,
388 3006 414 3060 ει·
436 3020 505 3074 opas
531 3010 598 3061 esset
619 3010 725 3061 matare
749 3005 755 3077 1
781 3008 814 3060 15
832 3003 1007 3074 procurando
1031 3003 1097 3059 GH

72 3075 265 3147 procursando
284 3077 386 3131 Hartcl
408 3077 412 3146 Ι
440 3076 555 3146 propius
574 3077 603 3130 P
618 3077 783 3147 priusquam
804 3074 866 3132 GH
888 3074 1000 3130 obuiam
1015 3074 1093 3130 Har·

72 3148 131 3218 tell
149 3153 181 3202 16
200 3148 353 3218 derigendo
370 3146 397 3201 G
412 3148 417 3216 Ι
432 3146 640 3204 babiloniorum
657 3147 723 3202 GH
735 3150 739 3218 Ι
762 3153 795 3203 18
815 3146 962 3202 Saniorum
976 3146 1003 3200 I.
1029 3145 1093 3202 Vos·

73 3219 134 3275 aas
153 3219 304 3275 samiorum
323 3217 390 3273 GH
393 3218 437 3273 ¹P
452 3218 622 3275 somniorum
640 3219 659 3273 h
674 3223 679 3288 Ι
695 3218 856 3287 apollonide
866 3218 895 3271 P
912 3216 1094 3287 appollonide

76 3289 155 3345 GH¹
172 3288 348 3362 appollonidi
365 3291 383 3345 b
403 3293 407 3361 Ι
437 3295 471 3345 22
489 3289 663 3361 trepidantes
682 3289 718 3344 Η
736 3292 741 3356 Ι
769 3290 965 3344 atterentem
984 3288 1010 3343 G
1028 3305 1095 3344 aren

75 3361 112 3417 H
115 3362 143 3416 P
157 3365 161 3430 Ι
177 3367 213 3417 24
230 3360 400 3418 tenebantur
418 3362 463 3417 H¹
478 3363 483 3431 ι
499 3378 532 3417 eo
550 3377 672 3416 nonaum
692 3360 758 3415 GH
761 3359 796 3427 P,
814 3375 883 3416 corr.
900 3359 970 3416 Oud.
990 3376 1024 3416 ex
1037 3360 1094 3430 Ap-

70 3434 154 3503 pias.
168 3433 266 3489 Herm.
280 3436 319 3488 32
335 3435 340 3503 Ι
360 3437 394 3487 25
414 3432 558 3488 eiusmodo
570 3431 644 3488 GH¹
660 3432 665 3501 Ι
681 3437 716 3487 26
733 3447 784 3501 per
800 3431 820 3486 b
837 3432 869 3487 in
882 3447 936 3487 ras.
953 3433 958 3501 Ι
974 3430 1096 3487 uenandi

76 3503 113 3558 H
126 3505 159 3559 ia
180 3504 437 3574 ναε.127ὴοεὺειη
455 3520 488 3560 ac
505 3506 618 3560 noctem
634 3502 660 3558 G
676 3504 680 3573 Ι
696 3518 753 3557 non
771 3517 821 3558 om.
837 3502 864 3557 G
