2400 3944
139 178 182 243 70
343 178 419 235 IULI
436 177 613 235 FRONTINI
633 178 960 237 STRATEGEMATON

136 342 322 408 tenentibus
350 340 519 426 planitias,
547 364 620 407 cum
647 343 815 428 utriusque
842 345 948 428 partis
977 346 1148 430 plurimun

136 432 309 496 interesset
331 431 429 495 colles
453 431 618 515 proximos
642 453 798 517 occupare
821 432 918 517 idque
947 439 1091 521 propter
1110 458 1150 503 sa·

136 541 252 586 xorum
282 520 492 604 asperitatem
520 526 608 586 esset
635 521 782 605 difficile,
816 524 989 607 tamquam
1020 524 1151 591 Ilerdam

136 609 349 693 repetiturum
381 613 469 674 retro
502 630 620 695 agmen
652 610 833 694 ordinauit,
869 610 1018 678 faciente
1052 615 1152 699 inopia

100 699 233 763 ofidem
257 698 476 764 destinationi.
510 698 597 763 intra
620 699 850 765 breuissimum
872 700 991 766 deinde
1017 704 1152 788 spatium

136 787 253 874 exiguo
281 787 419 853 circuitu
445 788 534 852 flexit
561 795 695 873 repente
722 789 764 854 ad
791 788 911 855 montis
939 792 1152 877 occupandos.

135 899 199 961 quo
223 877 297 943 uisu
320 876 504 961 perturbati
526 875 701 942 Afraniani
728 879 818 943 uelut
846 878 953 962 captis
981 882 1154 947 castriset
1188 918 1190 931 =

134 966 198 1051 ipsi
213 967 314 1031 effuso
335 988 431 1030 cursu
450 965 580 1032 eosdem
599 970 727 1033 montes
745 966 882 1051 petiere:
901 967 990 1050 quod
1010 969 1152 1036 futurum
1188 1036 1190 1041 .

135 1076 208 1119 cum
226 1055 487 1138 praediuinasset
501 1052 630 1134 (laesor,
649 1056 769 1137 partim
787 1055 935 1140 peditatu
950 1078 1053 1140 quem
1066 1080 1151 1143 prae·

83 1160 116 1210 10
135 1144 280 1226 miserat,
303 1144 424 1226 partim
444 1166 464 1208 a
481 1146 574 1228 tergo
593 1145 775 1209 summissis
799 1145 963 1229 equitibus
987 1147 1151 1214 inordina

135 1236 188 1298 tos
214 1235 264 1296 est
287 1232 428 1296 adortus.

202 1320 254 1384 39.
278 1320 441 1385 Antonius
466 1320 551 1404 apud
569 1318 690 1385 Forum
710 1320 896 1404 Gallorum,
917 1343 991 1387 cum
1013 1323 1153 1391 Pansam

135 1409 301 1473 consulem
321 1408 496 1474 aduentare
514 1411 742 1494 comperisset,
765 1410 892 1475 insidiis
911 1431 969 1494 per
988 1413 1153 1479 siluestris

134 1497 294 1563 Aemiliae
321 1499 395 1563 uiae
424 1497 590 1582 dispositis
618 1518 735 1583 agmen
764 1500 834 1565 eius
856 1500 984 1584 excepit
1008 1501 1153 1589 fuditque

83 1603 116 1654 15
136 1591 168 1651 et
194 1587 302 1671 ipsum
330 1608 368 1652 eo
396 1589 530 1652 uulnere
559 1587 692 1670 adfecit,
724 1611 788 1673 quo
817 1590 907 1653 intra
934 1611 1061 1674 paucos
1090 1592 1152 1657 dies

136 1676 383 1742 exanimaretur.

200 1767 252 1832 40.
275 1764 359 1830 Iuba
377 1787 432 1829 rex
451 1766 486 1829 in
499 1764 613 1829 Africa
630 1764 718 1830 bello
736 1765 827 1831 ciuili
841 1763 992 1831 (larionis
1010 1769 1152 1835 animum

135 1854 288 1919 simulato
312 1876 462 1941 regressu
486 1854 607 1938 inpulit
629 1853 664 1917 in
682 1872 802 1918 uanam
821 1855 1042 1921 alacritatem:
1067 1860 1152 1924 cuius

44 2002 46 2006 Α
136 1944 205 2027 spei
225 1943 372 2007 uanitate
391 1943 544 2028 deceptus
560 1940 670 2027 Curio,
688 1941 764 2006 dum
783 1946 952 2028 tamquam
970 1943 1152 2031 fugientem

81 2046 115 2097 20
136 2028 315 2097 Sabboram
338 2031 464 2118 regium
487 2031 688 2116 praefectum
715 2033 936 2117 persequitur,
964 2033 1101 2100 deuenit
1122 2036 1152 2100 in

133 2124 282 2204 patentes
311 2142 455 2205 campos,
483 2120 540 2184 ubi
562 2119 777 2187 Numidarum
803 2123 1047 2189 circumuentus
1072 2125 1154 2210 equi·

134 2213 219 2293 tatu,
242 2209 369 2295 perdito
394 2210 547 2294 exercitu,
571 2209 694 2275 cecidit

200 2299 253 2363 41.
281 2297 468 2363 Melanthus
488 2298 552 2362 dux
570 2298 831 2383 Atheniensium,
856 2319 928 2363 cum
950 2305 1151 2382 prouocatus

135 2406 244 2472 arege
256 2386 400 2451 hostium
410 2385 543 2452 Xantho
557 2386 694 2454 Boeotio
708 2386 928 2452 descendisset
941 2386 984 2452 ad
997 2409 1152 2476 pugnam,

81 2490 115 2540 25
135 2479 172 2539 ut
195 2475 335 2559 primum
358 2476 539 2541 comminus
563 2477 668 2560 stetit,
691 2475 834 2560 ‘inique’,
857 2476 978 2561 inquit,
1001 2475 1152 2561 ‘Xantho

135 2568 168 2628 et
191 2567 305 2628 contra
327 2567 458 2648 pactum
482 2564 573 2630 facis:
598 2565 753 2631 aduersus
777 2565 883 2631 solum
902 2565 989 2630 enim
1008 2586 1087 2632 cum
1111 2568 1152 2632 al-

134 2656 206 2718 tero
229 2652 442 2738 processisti?
488 2677 623 2739 cumque
647 2653 825 2719 admiratus
849 2655 917 2737 ille,
943 2655 1097 2738 quisnam
1121 2676 1152 2720 se

135 2742 360 2824 comitaretur,
390 2744 599 2827 respexisset,
632 2765 783 2807 auersum
812 2765 878 2808 uno
906 2743 976 2807 ictu
1004 2746 1152 2811 confecit

201 2830 253 2896 42.
281 2828 461 2916 Iphicrates
488 2828 700 2897 Atheniensis
725 2830 765 2896 ad
784 2826 1058 2913 Cherronessum,
1082 2855 1151 2898 cum

135 3132 172 3186 a
185 3068 222 3187 ἐ
235 3058 719 3202 retrectantes
735 3060 985 3201 fattltlll‘lt?
1030 3060 1151 3203 teu:

136 3203 230 3258 ditatu
248 3234 281 3243 -
301 3203 405 3272 partim
424 3218 474 3258 cm.
493 3202 558 3270 H¹l
582 3206 615 3256 10
634 3201 788 3273 equitibus]
808 3201 990 3269 sequentibus
1008 3202 1040 3257 Η
1056 3203 1061 3274 Ι
1081 3205 1151 3258 inor·

136 3273 248 3327 dinatus
268 3274 300 3328 Η
316 3281 320 3339 Ι
337 3281 370 3329 16
390 3291 470 3329 exam
484 3274 599 3340 111117
618 3274 649 3326 in
666 3272 771 3330 africae
784 3274 812 3328 P
826 3275 831 3341 Ι
846 3278 882 3328 20
901 3273 1053 3328 sabbarum
1066 3275 1100 3329 H
1111 3290 1152 3329 sa·

136 3345 235 3398 horam
253 3344 281 3398 P
295 3348 300 3412 Ι
316 3344 432 3401 deuenit
448 3344 493 3411 H,
511 3345 558 3400 sed
575 3345 629 3400 deu
647 3346 680 3400 ia
696 3360 751 3400 raa.
770 3343 859 3416 t123
878 3343 1017 3398 Melantus
1037 3345 1067 3398 P
1090 3352 1095 3411 l
1119 3351 1152 3401 24

135 3415 222 3468 xanto
244 3414 272 3466 P
295 3418 299 3479 l
324 3415 419 3470 boetio
439 3416 498 3471 CH
502 3417 530 3469 P
553 3419 558 3484 l
588 3421 621 3470 25
647 3417 704 3471 stet
723 3415 784 3471 GH
805 3418 809 3485 Ι
825 3417 909 3470 xanta
928 3415 973 3484 ΡΙ
996 3421 1031 3470 26
1050 3415 1152 3471 facisd

135 3485 213 3554 pacis
235 3484 295 3540 011
300 3485 328 3538 P
363 3487 510 3542 aduersum
522 3486 563 3556 01
580 3487 656 3542 solus
669 3487 715 3541 Η1
730 3488 735 3556 Ι
751 3492 784 3540 27
801 3503 830 3542 se
849 3503 899 3542 cm.
918 3486 966 3540 Η1
983 3488 987 3555 Ι
1003 3491 1038 3542 28
1052 3487 1152 3544 comit

136 3556 244 3610 taretur
263 3555 329 3611 ΗΡ
369 3564 402 3612 29
422 3559 632 3614 cherronessum
650 3557 686 3612 H
702 3574 891 3613 cerronesrum
912 3558 940 3611 P
