2400 3944
144 129 188 195 82
353 127 429 184 IULI
447 125 626 183 FRONTINI
645 124 969 182 STRATEGEMATON

244 375 278 431 X.
308 375 341 432 SI
360 374 429 430 RES
448 373 583 431 DURIUS
603 373 788 444 cassatur,
807 373 856 429 DE
873 373 1061 430 ADVERSIS

480 498 483 503 Δ
526 462 777 519 EMENDANDIS.

211 610 240 676 1.
278 608 315 674 Τ.
338 608 454 674 Didius
481 608 516 673 in
543 607 718 693 Hispania,
750 629 823 673 cum
851 607 1011 675 acerrimo
1042 609 1155 694 proelio

143 698 350 781 conflixisset,
370 697 456 784 quod
470 719 535 763 nox
550 697 737 783 diremerat,
756 717 877 782 magno
895 718 1036 763 numero
1059 699 1156 765 utrin-

106 803 205 875 aque
228 808 321 853 caeso
341 786 509 872 complura
532 807 664 851 suorum
691 806 828 871 corpora
850 785 938 850 intra
960 791 1098 853 noctem
1120 808 1157 853 se·

140 875 293 964 peliendc
316 876 451 942 curauit.
496 872 636 959 Hispani
662 878 794 959 postero
818 874 871 939 die
894 873 935 938 ad
960 875 1073 942 simile
1097 876 1158 942 offi-

141 968 227 1032 cium
250 964 429 1051 progressi,
453 963 530 1049 quia
552 964 661 1048 plures
681 962 885 1047 exipsorum
904 985 1047 1030 numero
1072 985 1159 1052 quam

141 1078 188 1131 ex,
196 1052 354 1120 Romanis
368 1073 480 1119 caesos
494 1056 713 1138 reppererant,
729 1052 835 1117 uictos
850 1074 885 1117 se
899 1072 970 1117 esse
985 1054 1159 1120 secundum

142 1166 213 1209 eam
237 1141 529 1207 dinumerationem
554 1140 786 1227 argumentati,
809 1140 851 1207 ad
873 1141 1086 1209 condiciones
1108 1143 1158 1208 im·

90 1248 122 1297 10
141 1231 303 1318 peratoris
327 1229 573 1295 descenderunt.

208 1320 239 1385 2.
275 1319 310 1383 T.
328 1316 471 1384 Marcius
496 1339 593 1405 eques
616 1317 799 1403 Romanus,
822 1319 878 1404 qui
900 1318 1052 1405 reliquiis
1078 1341 1159 1386 exer·

141 1409 224 1475 citus
247 1406 404 1493 praefuit,
433 1404 506 1472 cum
529 1407 563 1472 in
590 1407 774 1493 propinquo
801 1406 880 1473 bina
907 1411 1017 1473 castra
1042 1407 1160 1476 Poeno

139 1520 212 1563 rum
231 1495 345 1584 paucis
363 1495 496 1561 milibus
514 1517 669 1580 passuum
693 1495 865 1581 distarent,
886 1496 1083 1564 cohortatus
1106 1496 1160 1563 mi·

140 1586 216 1652 lites
239 1585 389 1671 proxima
412 1589 521 1650 castra
543 1586 739 1669 intempesta
763 1587 860 1650 nocte
884 1584 1018 1651 adortus
1045 1590 1110 1671 est;
1130 1588 1159 1651 et

89 1690 121 1740 15
141 1698 214 1741 cum
233 1675 363 1740 hostem
381 1673 539 1741 uictoriae
561 1673 680 1739 fiducia
701 1674 957 1759 incompositum
986 1674 1158 1761 adgressus

140 1786 182 1829 ne
200 1764 333 1829 nuntios
357 1763 483 1848 quidem
509 1762 608 1828 cladis
631 1762 834 1848 reliquisset,
862 1762 1060 1830 breuissime
1083 1767 1158 1831 tern-

140 1874 218 1937 pore
242 1852 340 1918 militi
363 1852 403 1917 ad
425 1851 571 1937 requiem
594 1852 685 1937 dato,
708 1851 820 1916 eadem
846 1855 941 1917 nocte
969 1852 1096 1937 raptim
1118 1853 1159 1919 fa·

140 1963 228 2007 mam
255 1941 303 2006 rei
331 1943 443 2026 gestae
467 1962 678 2027 praegressus
707 1940 812 2005 altera
845 1939 1020 2006 eorundem
1056 1944 1159 2007 castro

140 2031 274 2097 inuasit:
302 2030 350 2095 ita
377 2029 428 2094 bis
453 2029 553 2094 simili
577 2051 655 2094 usus
684 2032 817 2114 euentu,
845 2029 959 2095 deletis
983 2031 1158 2117 utrubique

87 2134 121 2183 20
140 2119 274 2205 Poenis,
298 2118 435 2184 amissas
458 2117 580 2204 populo
603 2116 753 2184 Romano
778 2117 958 2204 Hispanias
981 2118 1139 2186 restituit.

198 2362 246 2418 XI.
274 2361 322 2415 DE
341 2360 536 2417 DUBIORUM
553 2361 683 2417 ANIMIS
701 2361 741 2416 IN
759 2362 845 2417 FIDE
864 2361 1099 2422 RHTINENDIS.

209 2508 237 2573 1.
265 2505 301 2572 P.
315 2505 465 2571 Valerius
488 2507 648 2592 Epidauri
675 2508 796 2573 timens
825 2507 1065 2594 oppidanorum
1093 2530 1157 2595 per·

139 2596 266 2679 fidiam,
289 2596 366 2680 quia
383 2618 498 2679 parum
517 2597 672 2680 praesidii
691 2596 848 2680 habebat,
872 2596 1043 2682 gymnicos
1067 2598 1155 2665 ludos

138 2685 252 2770 procul
276 2686 317 2750 ab
342 2685 422 2750 urbe
446 2686 631 2770 apparauit:
654 2707 717 2772 quo
737 2707 809 2754 oum
829 2686 936 2751 omnis
958 2685 1029 2752 fere
1051 2686 1157 2753 multi·

86 2789 120 2838 ro
139 2774 218 2839 tudo
244 2773 414 2858 spectandi
437 2794 533 2839 causa
557 2775 689 2859 exisset,
718 2774 834 2840 elausit
861 2778 973 2860 portas
999 2797 1062 2842 nec
1085 2778 1157 2842 ante

212 3009 225 3057 1
247 3002 343 3057 durius
361 3003 381 3057 d
403 3017 536 3072 prospere
558 3001 624 3058 GH
627 3000 666 3058 P:
684 3002 719 3068 of.
734 3019 765 3071 p.
785 3006 866 3069 39‚1
891 3004 895 3068 Ι
923 3001 1039 3058 cesserit
1054 3003 1082 3060 θ
1099 3020 1158 3075 ges·

139 3074 208 3130 serit
226 3074 291 3129 ΗΡ
311 3075 315 3143 Ι
345 3080 362 3128 4
381 3072 527 3128 dirimeret
548 3071 651 3142 GHP,
671 3088 739 3128 corr.
759 3074 778 3128 d
803 3073 807 3144 Ι
830 3078 861 3128 11
881 3072 911 3127 Τ.
927 3073 1024 3128 GHP
1040 3072 1072 3132 L.
1087 3074 1159 3133 odda

138 3147 174 3212 cf.
191 3162 219 3214 p.
239 3149 288 3213 72,
306 3150 343 3201 21
362 3151 388 3201 et
403 3145 493 3214 praef.
512 3144 533 3214 ἕ
551 3149 587 3199 11
604 3145 608 3214 Ι
624 3141 751 3212 reliquiis
771 3143 909 3199 exercitus
926 3142 985 3200 GP
1000 3142 1078 3201 inter
1096 3142 1159 3201 reli·

139 3215 219 3284 quiae
244 3214 379 3270 exercitui
397 3216 448 3285 ΗΙ
465 3215 603 3271 exercitus
622 3216 741 3270 duorum
760 3213 922 3286 Scipionum
940 3214 1068 3286 praefuit
1086 3216 1159 3275 edd:

137 3287 172 3355 cs.
182 3302 214 3355 p.
230 3290 277 3353 72,
292 3291 330 3342 21
347 3288 350 3355 Ι
369 3292 401 3342 15
412 3287 522 3342 hostem
540 3286 571 3341 in
584 3287 620 3342 Η
632 3289 636 3357 Ι
655 3291 690 3341 19
708 3284 857 3355 utrobique
877 3286 906 3340 P
920 3288 924 3357 Ι
940 3291 975 3342 20
984 3288 1093 3356 populo
1102 3286 1158 3342 Ro·

136 3372 221 3412 mano
240 3358 260 3411 d
277 3358 444 3426 populorum
463 3358 576 3428 GHP1
605 3357 805 3428 hispaniaH!
835 3363 868 3411 21
888 3357 1021 3412 infidam
1038 3357 1066 3414 θ
1125 3363 1158 3413 211

137 3427 284 3499 gymnicus
301 3428 385 3482 ludus
398 3430 416 3484 Ic
432 3429 487 3498 124
506 3429 638 3509 apparuit
658 3428 724 3484 GH
737 3430 740 3498 Ι
756 3429 823 3484 feris
839 3428 885 3483 H¹
901 3430 905 3496 Ι
921 3433 955 3484 25
974 3428 1063 3485 clusit
1106 3429 1142 3485 H
1153 3428 1157 3500 Ι

138 3500 203 3555 ante
222 3497 338 3554 admisit
356 3499 384 3554 P
399 3500 483 3555 antea
501 3499 610 3555 dimisit
628 3500 693 3556 GH
707 3500 737 3554 in
756 3517 804 3555 eas
823 3501 888 3555 ante
907 3498 1022 3555 admisit
1040 3501 1062 3561 d
