2400 3944
368 186 478 243 LIBER
495 187 529 244 Π.
558 189 636 246 ΟΑΡ.
657 195 771 245 10-11.
1040 189 1083 255 83

64 351 198 418 admisit
220 349 432 437 Epidaurios,
455 373 553 436 quam
577 351 705 418 obsides
730 374 750 418 a
772 353 973 438 principibus
1002 353 1083 421 acci·

84 444 162 507 eret.

59 464 81 527 p
129 531 160 596 2.
185 526 243 594 On.
257 528 441 613 Pompeius,
455 551 528 595 cum
547 532 714 613 suspectos
727 529 863 595 haberet
876 527 1081 596 Chaucenses

60 624 95 686 at
117 622 292 697 uereretur,
316 638 356 682 ne
384 617 582 703 praesidium
608 640 675 684 non
701 620 897 704 reciperent,
920 620 1017 703 petiit
1040 618 1080 685 ab

59 708 124 792 ais,
150 710 189 772 ut
212 727 327 792 aegros
351 706 484 772 interim
508 707 596 792 apud
618 729 652 773 se
675 708 765 773 refici
787 711 988 792 paterentur:
1017 707 1117 774 for-o

57 796 199 863 tissimis
227 795 341 860 deinde
369 795 486 861 habitu
517 796 743 882 languentium
771 796 881 861 rniesis
914 797 1079 862 ciuitatem

59 885 235 969 occupauit
257 884 491 970 continuitque.

128 975 158 1039 3.
182 971 368 1038 Alexander
387 973 515 1039 deuicta
532 972 781 1059 perdomitaque
805 973 948 1039 Thracia
965 977 1080 1058 petens

58 1062 189 1146 Asiam,
225 1062 366 1147 ueritus,
397 1083 438 1126 ne
470 1067 547 1147 post
578 1063 681 1147 ipsius
705 1063 883 1128 discessum
916 1065 1081 1128 sumerent

58 1151 1132 1323 111111111111111111111111111110

58 1327 194 1394 honoris
214 1348 313 1393 causa
330 1328 445 1412 traxit,
468 1329 630 1413 ignobiles
650 1333 760 1394 autem
778 1330 901 1394 relictis
920 1331 1078 1414 plebeios·

59 1438 123 1503 quo
146 1415 317 1502 praefecit,
340 1421 550 1501 consecutus,
573 1419 623 1483 uti
643 1419 805 1503 principes
824 1418 989 1485 beneficiis
1009 1419 1079 1484 cine

59 1505 212 1572 obstricti
229 1504 323 1570 'nihil
350 1527 473 1571 nouare
505 1506 641 1592 uellent,
672 1507 765 1592 plebe
793 1528 872 1572 uero
899 1529 940 1572 ne
967 1512 1080 1592 posset

60 1594 204 1682 quidem,
228 1593 371 1678 spoliata
393 1595 605 1680 principibus.
1101 1613 1132 1662 ro

11 1750 15 1763 ,
124 1684 157 1749 4.
190 1682 378 1769 Antipater,
406 1687 580 1769 conspecto
608 1683 899 1770 Peloponesiorum
927 1684 1079 1769 exercitu,

58 1772 114 1859 qui
138 1770 251 1836 audita
274 1775 379 1838 morte
398 1772 577 1839 Alexandri
600 1773 642 1838 ad
664 1773 884 1838 infestandum
907 1773 1080 1857 imperium

58 1861 128 1927 eius
162 1860 396 1946 confluxerant,
434 1862 643 1928 dissimulans
676 1862 758 1927 scire
791 1883 838 1945 se,
875 1883 939 1945 qua
971 1864 1079 1926 mente

57 1949 240 2029 uenissent,
263 1949 388 2035 gratias
412 1950 464 2016 his
485 1951 565 2036 egit,
588 1949 675 2043 quod
694 1949 779 2034 <ad>
800 1949 956 2014 auxilium
975 1949 1078 2014 feren·

57 2040 135 2106 dum
156 2037 343 2105 Alexandro
368 2039 523 2105 aduersus
545 2039 819 2106 Lacedaemonios
843 2038 1079 2122 conuenissent,
1098 2057 1133 2106 20

57 2127 240 2212 adiecitque
262 2127 296 2193 id
320 2149 354 2193 se
377 2129 449 2214 regi
473 2128 681 2212 scripturum3
710 2132 853 2193 ceterum
876 2128 978 2212 ipsos,
1003 2127 1078 2211 quia

56 2218 122 2283 sibi
148 2238 247 2302 opera
276 2238 387 2283 eorum
415 2217 451 2281 in
478 2217 666 2302 praesentia
687 2239 754 2282 non
778 2220 865 2282 esset
886 2216 1079 2301 necessaria,

56 2307 188 2371 abirent
198 2306 322 2390 domos,
337 2306 489 2372 hortatus
501 2304 610 2389 <eet>t
625 2311 658 2371 ot
669 2305 729 2371 hac
739 2305 984 2371 adseueratione
994 2306 1079 2389 peri·

56 2396 184 2478 culum,
212 2395 299 2479 quod
322 2416 361 2458 ex
382 2396 529 2460 nouitate
557 2416 665 2461 rerum
693 2396 888 2477 inminebat,
916 2395 1079 2460 discussit.

125 2482 157 2548 5.
180 2479 289 2566 Scipio
303 2482 477 2548 Africanus
497 2484 532 2548 in
545 2482 717 2569 Hispania,
735 2506 809 2549 cum
827 2485 913 2549 inter
930 2483 1077 2567 captiuas
1097 2500 1131 2548 25

55 2571 195 2638 eximiae
224 2571 350 2637 formae
376 2573 472 2659 uirgo
501 2572 666 2657 <nubilis>
697 2574 793 2654 [aliae
818 2578 851 2637 et
872 2572 1008 2653 nobilis]
1038 2571 1078 2636 ad

55 2683 132 2728 eum
157 2660 314 2745 perducta
343 2665 429 2726 esset
458 2662 668 2746 omniumque
692 2662 803 2728 oculos
826 2662 861 2726 in
885 2683 919 2726 se
943 2681 1078 2727 conuer-

54 2752 157 2833 teret,
180 2771 307 2815 summa
330 2749 478 2815 custodia
500 2750 650 2815 habitam
675 2772 794 2835 sponso
818 2751 949 2815 nominc
970 2750 1077 2815 Alicio

131 2948 145 2996 1
166 2959 184 2996 a
196 2957 247 2997 om.
265 2940 332 2995 GH
347 2958 380 2995 ex
394 2942 414 2997 d
429 2944 434 3011 l
450 2948 466 2996 3
482 2957 630 2997 caucenses
644 2943 663 2996 d
678 2941 842 2996 Catinenses
860 2940 920 2996 edd.
942 2940 946 3011 l
967 2940 1079 3009 4petiit

54 3015 75 3069 d
93 3012 169 3085 petit
191 3014 235 3081 (ic
257 3029 313 3068 raa.
329 3028 382 3082 pro
405 3013 441 3068 ab
465 3013 504 3068 eis
525 3013 572 3081 H)
580 3011 702 3068 OGHP
724 3012 729 3086 Ι
758 3018 775 3066 1
794 3013 969 3066 sumerentur
990 3012 1049 3065 edd.
1071 3011 1075 3082 l

56 3089 89 3140 11
105 3083 257 3139 uidebatur
277 3099 327 3139 om.
351 3083 396 3136 Η1
412 3085 416 3153 Ι
433 3084 562 3139 decretae
577 3084 612 3138 H
632 3085 636 3156 l
659 3090 692 3138 11
710 3082 845 3153 ignobilis
860 3082 886 3137 G
903 3080 1077 3152 ignobilibus

57 3155 87 3210 P
106 3157 112 3226 1
140 3155 254 3211 relictos
272 3155 291 3210 b
319 3158 324 3224 Ι
352 3153 451 3224 pbeios
472 3157 581 3223 (omisso
600 3159 667 3224 que)
684 3155 713 3210 P
740 3159 744 3223 Ι
775 3158 809 3208 16
827 3151 1077 3221 Peloponesiorum

55 3225 231 3283 Freineber'm
248 3227 280 3281 in
297 3227 388 3296 suppl.
407 3224 483 3282 Orat.
503 3231 561 3294 6,1
584 3226 676 3296 priore
695 3225 837 3280 neciorum
857 3223 953 3280 GHP
969 3224 974 3293 Ι
999 3239 1077 3279 exer·

54 3298 130 3354 citus
151 3296 234 3368 GH}
252 3302 285 3352 18
300 3295 547 3368 conflixerantHl
565 3302 597 3351 19
616 3297 660 3356 his
675 3295 710 3350 Η
725 3295 759 3350 iis
779 3295 839 3350 GP
872 3296 908 3351 ad
926 3296 1016 3366 suppl.
1035 3295 1073 3366 dl

55 3368 172 3425 ferendo
191 3368 227 3423 H
238 3377 243 3438 ι
260 3373 294 3423 11
314 3368 344 3423 id
353 3385 403 3441 om.
420 3368 446 3423 G
462 3370 466 3438 l
482 3374 517 3423 13
537 3370 581 3423 est
598 3368 707 3437 supplet
725 3369 744 3423 d
760 3369 763 3436 l
780 3372 815 3421 16
835 3366 872 3420 a'
925 3370 955 3421 et
972 3365 1076 3421 nobilis

54 3439 178 3506 (nobiles
196 3439 234 3510 G)
254 3440 320 3496 GH
323 3441 363 3508 P,
386 3441 483 3510 quibas
502 3440 595 3494 deletis
616 3437 721 3493 nubilis
740 3439 803 3495 add.
825 3437 895 3494 Oad.
915 3439 945 3492 et
963 3437 1076 3506 nubilis,

55 3511 319 3581 bacclianum:
337 3510 545 3638 ofiprcefissw
565 3513 569 3580 Ι
586 3507 714 3580 captiuas
729 3510 800 3564 alias
820 3508 938 3564 eximiae
956 3508 975 3563 f.
994 3509 1076 3578 uirgo

55 3584 87 3638 et
105 3580 209 3638 nobilis
227 3584 286 3639 edd.
303 3584 308 3651 Ι
324 3588 358 3639 18
374 3581 457 3639 alicio
514 3583 661 3637 aliciorum
672 3580 738 3638 GH
745 3580 889 3637 Allucoeio
904 3580 970 3635 Dia.
981 3583 1030 3647 26,
1041 3584 1076 3635 50

876 3668 914 3722 6*
