2400 3944
414 203 525 259 LIBER
543 204 577 261 Il.
605 203 684 260 CAP.
704 212 728 260 5.
1033 203 1074 268 61

52 369 122 434 bus
142 365 316 432 esculentis
335 364 489 431 deseruit:
509 388 591 451 quae
610 367 762 451 adeptum
780 367 909 433 hostem
924 372 957 432 et
970 388 1076 452 reper-

51 457 104 523 tis
122 456 377 539 intemperanter
394 455 555 539 repletum
574 476 772 541 grauemque
789 455 921 522 reducto
936 456 1077 521 exercitu

56 545 173 614 subito
196 544 371 627 oppressit.

131 632 182 699 15.
206 629 293 717 chii,
312 631 368 717 qui
387 631 543 697 aduersus
557 632 759 716 Erythraeos
773 633 897 698 bellum
911 634 1077 719 gerebant,

58 721 301 808 speculatorem
328 740 440 785 eorum
467 720 502 785 in
528 721 600 786 loco
627 721 713 788 edito
736 721 973 806 deprehensum
997 722 1113 788 occi-o

57 811 180 876 derunt
208 813 243 874 et
273 812 398 874 uestem
430 807 499 873 eius
532 831 592 875 suo
624 810 722 874 militi
753 810 923 893 dederunt,
956 811 1012 895 qui
1040 831 1079 874 ex

60 899 177 967 eodem
194 898 272 984 iugo
291 896 492 981 Erythraeos
512 897 606 984 signo
626 898 702 965 dato
721 899 757 963 in
771 897 906 963 insidias
922 898 1079 964 euocauit.

132 987 184 1053 16.
206 985 347 1069 Arabes,
365 1007 439 1059 cum
458 990 545 1051 esset
562 991 641 1051 nota
659 986 857 1052 consuetudo
877 1008 996 1070 eorum,
1016 1008 1080 1071 qua

60 1076 102 1142 de
125 1075 268 1141 aduentu
289 1075 436 1141 hostium
462 1074 604 1140 interdiu
632 1075 736 1158 fumo,
766 1080 860 1140 nocte
882 1076 958 1162 igne
982 1074 1080 1160 signi-

61 1167 161 1232 ficare
193 1163 416 1247 instituerant,
448 1167 485 1228 ut
513 1163 582 1228 sine
613 1164 853 1230 intermissione
886 1186 924 1230 ea
955 1165 1133 1248 fierent,1o

61 1255 311 1339 praeceperimt,
343 1252 592 1317 aduentantibus
623 1257 731 1318 autem
761 1253 953 1318 aduersariis
981 1253 1080 1318 inter-

62 1343 286 1408 mitterentur:
314 1341 370 1426 qui
392 1362 466 1406 cum
488 1342 690 1407 cessantibus
713 1342 891 1406 luminibus
916 1342 1080 1407 existima-

60 1434 137 1535 rent
154 1429 302 1516 ignorari
320 1429 495 1495 aduentum
515 1451 622 1515 suum,
646 1431 771 1496 auidius
789 1431 932 1517 ingressi
950 1452 1080 1515 oppres-

63 1521 394 1673 siqup7suplt,xandor
408 1607 552 1691 Macedo,
570 1629 644 1673 cum
662 1608 769 1674 hostis
787 1608 822 1672 in
841 1608 927 1672 saltu
947 1606 1081 1671 editiore
1101 1619 1134 1671 15

13 1718 20 1723 ·
62 1699 174 1762 castra
201 1696 448 1780 communisset,
480 1696 640 1761 subducta
670 1700 764 1781 parte
794 1696 962 1779 copiarum
990 1716 1081 1778 prae·

63 1785 151 1870 cepit
173 1785 226 1849 his
250 1806 332 1868 quos
354 1784 571 1868 relinquebat,
598 1789 635 1849 ut
663 1807 702 1849 ex
725 1805 815 1849 more
837 1784 930 1868 ignes
953 1782 1081 1866 <ex>ci-

63 1877 175 1940 tarent
207 1875 412 1957 speciemque
444 1874 637 1956 praeberent
668 1873 770 1938 totius
803 1872 976 1936 exercitust
1013 1873 1082 1954 ipse

64 1984 123 2047 per
141 1962 234 2028 auios
253 1962 402 2046 regiones
422 1961 640 2027 circumducta
658 1984 756 2026 manu
774 1960 903 2025 hostem
918 1960 1083 2044 superiore

67 2052 242 2137 adgressus
265 2051 336 2115 loco
362 2049 497 2134 depulit.
987 2066 991 2074 ’
1102 2064 1136 2113 2ο

48 2152 52 2159 ’
135 2140 188 2205 18.
224 2138 380 2204 Memnon
405 2137 553 2204 Rhodius
582 2141 664 2220 [rex]
671 2189 679 2222 ,
712 2160 785 2203 cum
813 2137 961 2223 equitatu
992 2156 1083 2219 prae

64 2229 193 2294 ualeret
211 2231 245 2292 et
262 2227 392 2293 hostem
410 2227 446 2291 in
460 2227 598 2293 collibus
614 2248 647 2292 se
662 2227 882 2291 continentem
900 2227 935 2290 in
950 2247 1083 2311 campos

65 2318 168 2384 uellet
190 2316 360 2395 deducere,
383 2315 541 2399 quosdam
561 2336 600 2381 ex
618 2315 779 2380 militibus
802 2315 870 2380 suis
894 2316 954 2380 sub
977 2316 1085 2400 specie

65 2406 280 2491 perfugarum
303 2404 393 2469 misit
415 2405 450 2469 in
472 2404 616 2469 hostium
640 2408 762 2488 castra,
792 2405 848 2488 qui
876 2404 1086 2469 adfirmarent

65 2495 246 2562 exercitum
267 2492 451 2558 Memnonis
478 2496 548 2556 tam
575 2493 758 2577 perniciosa
786 2493 944 2558 seditione
967 2492 1084 2573 furere,
1104 2506 1137 2555 25

65 2590 104 2650 ut
128 2583 266 2649 subinde
294 2582 405 2666 aliqua
431 2603 507 2665 pars
536 2581 604 2646 eius
633 2582 840 2647 dilaberetur.
885 2582 960 2647 huic
988 2580 1084 2646 adfir-

64 2672 207 2738 mationi
225 2675 262 2737 ut
279 2670 376 2735 fidem
394 2670 528 2754 faceret,
550 2672 675 2753 passim
693 2671 727 2735 in
746 2674 922 2755 conspectu
939 2669 1085 2736 hostium

64 2762 165 2827 iussit
186 2782 291 2846 parua
313 2759 448 2825 castella
471 2758 603 2842 muniri,
633 2760 723 2824 uelut
746 2759 781 2823 in
804 2780 842 2823 ea
865 2781 899 2823 se
922 2757 1085 2841 recepturi

66 2853 180 2916 assent
199 2855 254 2934 qui
273 2848 480 2914 dissidebant.
516 2848 578 2913 hac
596 2849 808 2932 persuasione
828 2846 1006 2930 sollicitati,
1029 2846 1085 2928 qui

143 3083 160 3130 4
183 3076 220 3130 Hi
238 3076 309 3144 HP,
327 3093 374 3133 em.
391 3076 461 3131 Oud.
481 3077 540 3131 coll.
560 3075 691 3130 Herodot.
710 3078 800 3140 1,1e.
827 3072 956 3143 Porpaee.
976 3076 1009 3138 8,
1024 3077 1061 3127 66

68 3152 86 3202 5
105 3146 313 3217 depraehensus
331 3146 395 3216 Ha,
417 3152 450 3200 13
469 3147 568 3201 auidus
587 3146 652 3215 H¹l
675 3151 707 3199 15
727 3146 821 3198 hostes
840 3143 892 3211 H!
908 3140 1011 3196 ditiore
1030 3143 1065 3198 H

69 3224 104 3273 16
129 3218 270 3273 subducta
291 3234 342 3273 noe
364 3217 481 3272 inducta
499 3216 563 3272 ΗΡ
592 3233 686 3272 secum
712 3215 835 3269 ductad
863 3213 978 3269 seducta
1001 3215 1060 3269 edd.

70 3295 104 3345 17
124 3288 248 3344 citarent
266 3288 301 3343 H
304 3287 343 3355 P,
361 3305 430 3344 corr.
450 3289 508 3343 edd.
526 3291 530 3357 Ι
554 3293 587 3342 18
606 3288 666 3358 ipse
686 3289 781 3340 autem
794 3287 814 3341 d
829 3290 833 3354 1
859 3290 893 3338 20
907 3285 1031 3354 deptulit
1045 3285 1080 3340 H

68 3358 177 3416 detulit
189 3360 219 3415 Ρ
240 3362 245 3428 Ι
270 3364 303 3415 21
323 3359 457 3414 hrhodius
477 3358 512 3412 H
528 3357 533 3430 l
557 3375 605 3413 rex
623 3359 723 3413 deleuit
743 3356 828 3412 Osca
846 3357 882 3423 cs.
897 3373 927 3425 p.
947 3361 994 3424 71,
1008 3362 1047 3412 27
1066 3361 1091 3411 ct

64 3431 159 3503 praef.
178 3428 249 3502 §13
270 3431 274 3500 Ι
299 3436 334 3485 24
352 3429 469 3501 perfuga
485 3429 535 3497 ΡΙ
561 3435 595 3483 25
614 3427 761 3483 mannonis
782 3427 832 3496 ΡΙ
855 3427 912 3482 iam
932 3427 1002 3494 HP,
1020 3445 1088 3483 corr.

73 3502 146 3558 Oua
167 3500 172 3573 Ι
197 3507 232 3556 26
250 3501 320 3557 utri
344 3503 375 3555 et
392 3501 427 3556 H
442 3502 471 3556 et
488 3503 521 3555 ut
541 3500 591 3561 ΡΙ
617 3505 651 3554 27
670 3499 900 3571 inconspectum
919 3499 968 3566 ΡΙ
989 3503 1023 3552 28
1043 3514 1090 3553 eas

69 3571 199 3643 erepturi
215 3571 252 3628 H
269 3575 274 3638 Ι
302 3578 337 3632 29
357 3571 538 3628 dissedebant
556 3571 591 3626 H
