2400 3944
444 216 555 272 LIBER
572 219 594 272 I.
623 217 751 273 PRAEF.
1086 217 1106 282 3

86 403 111 446 a
137 379 217 444 duce
245 379 394 465 prouide,
421 381 559 465 utiliter,
587 381 772 466 magnifice,
800 384 987 446 constanter
1015 383 1107 466 fiunt,

87 469 282 548 ετρατηγικὰ
303 469 522 534 habebuntur:
544 470 572 534 si
590 470 624 534 in
643 471 750 554 specie
769 492 881 535 eorum
901 474 990 554 sunt,
1016 492 1106 550 (τρα-

85 560 266 639 τηγήματα.
301 557 418 622 horum
442 558 573 642 propria
599 557 650 623 uis
673 560 707 623 in
727 562 796 622 arte
816 559 1026 643 sollertiaque
1049 581 1107 643 po·

88 647 158 713 sita
190 646 320 731 proficit
350 650 420 711 tam
452 648 509 712 ubi
541 647 702 712 cauendus
741 669 837 731 quam
875 648 1106 733 opprimendus

86 736 198 800 hostis
223 735 274 799 sit.
313 757 377 820 qua
399 736 434 800 in
456 758 490 801 re
514 758 586 801 cum
609 737 783 801 uerborum
808 758 934 820 quoquo
958 737 1106 822 inlustris
1125 755 1141 803 5

87 824 256 889 exstiterit
283 824 430 908 effectus,
457 829 494 889 ut
522 824 684 891 factorum
707 825 754 888 ita
777 824 936 889 dictorum
961 826 1107 910 exempla

85 913 282 998 posuimus]

160 1000 290 1086 Species
314 1022 440 1087 eorum,
463 1024 545 1085 quae
567 1003 733 1067 instruant
751 1003 864 1067 ducem
883 1003 918 1068 in
935 1002 1001 1087 his,
1025 1024 1106 1086 quae

84 1093 174 1163 ante.
190 1089 351 1174 proelium
375 1090 516 1174 gerenda
540 1095 629 1156 sunt:

218 1178 244 1242 Ι.
266 1177 315 1244 De
339 1179 538 1244 occultandis
562 1179 715 1244 consiliis.
1125 1201 1158 1248 10

200 1266 242 1331 II.
265 1265 314 1331 Dc
338 1266 544 1350 explorandis
568 1268 711 1333 consiliis
734 1268 887 1333 hostium.
1063 1273 1070 1288 ⁸

183 1354 242 1420 ΠΙ.
266 1355 315 1420 De
339 1355 564 1421 constituendo
590 1360 678 1421 statu
703 1356 790 1422 belli.

166 1443 241 1508 IIH.
264 1443 314 1508 De
328 1445 564 1510 transducendo
577 1446 718 1511 exercitu
728 1467 786 1529 per
796 1447 868 1510 loca
879 1446 967 1512 hosti
977 1447 1105 1512 infesta.

202 1532 241 1597 V.
264 1532 314 1598 De
338 1534 501 1598 euadendo
527 1556 564 1599 ex
588 1534 668 1600 locis
693 1534 904 1600 difficillimis.

186 1619 243 1685 VI.
265 1620 316 1686 De
338 1622 465 1687 insidiis
488 1622 566 1707 <in>
589 1623 705 1688 itinere
727 1623 832 1688 factis.
1125 1644 1157 1690 15

168 1709 239 1775 Vll.
265 1709 542 1786 Quemadmodum
561 1734 612 1796 ea,
631 1713 747 1794 quibus
766 1712 958 1795 deficimur,
976 1713 1103 1777 uidean-

294 1803 348 1863 tur
374 1822 441 1865 non
469 1799 579 1865 deesse
608 1805 665 1866 aut
692 1822 769 1864 usus
794 1822 904 1864 eorum
928 1800 1104 1884 expleatur.

152 1885 242 1951 VIII.
265 1887 314 1952 De
339 1888 570 1973 distringendis
593 1888 753 1954 hostibus.

130 1974 240 2041 VIIII.
262 1975 313 2042 De
337 1977 494 2043 seditione
516 1977 658 2042 militum
682 1975 922 2060 compescenda.

200 2064 240 2129 X.
264 2063 540 2140 Quemadmodum
550 2064 779 2149 intempestiua
789 2064 967 2150 postulatio
975 2086 1103 2150 pugnae
1123 2085 1156 2133 20

293 2155 488 2219 mmmmm.
776 2211 779 2218 .

186 2241 242 2321 XI.
265 2242 544 2319 Quemadmodum
577 2242 759 2308 incitandus
793 2243 838 2307 sit
870 2243 911 2307 ad
942 2243 1103 2327 proelium

296 2333 462 2398 mmdms

168 2417 240 2486 XII.
263 2419 312 2484 Do
341 2420 549 2486 dissoluendo
577 2423 679 2503 metu,
709 2441 805 2504 quem
833 2421 954 2486 milites
984 2444 1021 2485 ex
1050 2421 1102 2486 ad·

293 2510 396 2574 uersis
420 2509 623 2593 conceperint
646 2508 817 2574 ominibus.
1121 2527 1156 2575 25

83 2753 155 2792 nam
179 2753 242 2791 cum
260 2767 294 2778 -
313 2737 393 2805 hab„
415 2740 476 2791 tum
500 2737 524 2790 si
542 2733 610 2790 Ded.
642 2736 646 2807 l
678 2742 692 2789 1
717 2736 864 2792 adutiliter
885 2738 934 2803 (ad
953 2741 1026 2820 ccco.)
1045 2736 1103 2860 &A

83 2816 102 2863 2
126 2809 433 2863 (ΤΡΑΤΗΓΗΜΑΤΙΚΑ
457 2807 514 2877 (scd
537 2808 725 2863 (ΤΡΑΤΗΓΜ.
744 2808 788 2875 Η)
810 2806 933 2861 OGHP
958 2810 962 2877 Ι
992 2808 1027 2878 ει]
1053 2824 1082 2861 se

87 2880 176 2936 Tema
193 2879 197 2948 Ι
214 2879 463 2934 (ΤΡΑΤΗΓΗΜΑΤ
477 2878 520 2931 Η1
539 2879 796 2934 (ΤΡΑΤΙΓΗΜΑΤΑ
808 2879 836 2932 Ρ
850 2882 854 2942 Ι
870 2887 885 2932 3
900 2879 1016 2948 propria
1032 2878 1101 2933 Occi.

84 2949 219 3020 propriae
238 2949 333 3004 cHP
359 2953 363 3018 Ι
393 2948 601 3072 sollertiasssque
622 2952 692 3017 (uuo
711 2951 763 3005 litt.
783 2953 874 3016 crasa)
894 2949 929 3002 H
947 2952 951 3018 Ι
982 2955 999 3002 4
1018 2966 1103 3017 quam

84 3021 138 3076 nbi
157 3036 220 3090 opp.
235 3022 274 3089 dl
297 3027 313 3075 9
334 3024 407 3075 sunt.
424 3019 520 3073 EXPL
536 3019 593 3074 ClT
611 3018 818 3074 PRAEFATIO
837 3017 1048 3074 FRONTONIS
1065 3019 1102 3086 G,

84 3093 193 3148 omissis
212 3094 302 3147 titulis
319 3093 445 3148 monitus
463 3095 641 3158 3,1o-4,1
666 3095 670 3159 Ι
695 3096 727 3145 13
747 3089 823 3145 hosti
838 3091 873 3143 H
876 3090 912 3157 P,
930 3092 994 3145 item
1007 3094 1053 3157 11,
1066 3095 1102 3146 24

83 3161 216 3218 hostibus
234 3164 254 3218 d
285 3163 409 3219 hostium
427 3163 486 3218 cdd.
510 3165 514 3232 1
538 3161 647 3217 insessa
666 3161 736 3218 Ocu.
763 3164 767 3230 Ι
798 3166 831 3215 15
849 3160 880 3215 in
902 3161 1003 3216 itincre
1026 3163 1046 3216 d
1069 3179 1103 3217 coc

86 3237 169 3301 23,1
187 3233 282 3290 itineri
293 3235 375 3304 ΗΡΙ
393 3239 426 3288 16
445 3231 606 3287 deficiemur
623 3235 723 3303 scripsi
742 3232 895 3287 efficiemur
908 3234 943 3286 H
958 3233 1102 3288 deficimus

85 3305 128 3371 P;
147 3306 181 3373 cf.
194 3307 284 3374 praefi
299 3306 320 3377 5
334 3311 370 3360 14
386 3309 390 3375 Ι
408 3310 440 3359 18
459 3302 665 3374 destringendis
686 3305 793 3371 (moiseo
811 3303 865 3371 De)
883 3303 960 3376 ΟΗΙ
977 3311 1011 3359 20
1029 3305 1103 3360 tuuc

85 3378 129 3431 ut.
144 3392 194 3432 om.
210 3377 254 3443 H,
271 3379 362 3434 titulis
380 3379 429 3447 oui
446 3380 597 3446 sequuntur
615 3376 736 3430 numeris
754 3375 780 3429 X
794 3381 819 3430 et
833 3375 872 3428 XI
889 3377 1021 3446 monetis,
1039 3377 1103 3430 item

85 3447 182 3515 infirm
199 3449 235 3516 cf.
250 3449 341 3518 praef.
355 3448 405 3519 §2
422 3451 426 3516 1
443 3453 476 3502 21
496 3446 623 3500 inhibeat
634 3446 669 3512 P,
688 3462 757 3501 corr.
772 3448 792 3501 d
809 3451 905 3515 εω29,
921 3450 957 3502 15
972 3449 1028 3516 124
1046 3462 1101 3515 quo

85 3518 146 3573 mil.
165 3535 189 3576 e.
209 3534 233 3574 a.
256 3520 435 3576 consederint
456 3515 640 3585 (conciderint
658 3518 694 3586 P)
714 3516 874 3574 hominibus
894 3518 971 3584 ΗΡ,
995 3533 1064 3574 corr.
1083 3517 1103 3571 d

85 3606 120 3646 eo
139 3593 185 3658 35,
200 3595 218 3645 6

904 3675 943 3728 fl·
