<?xml version="1.0" encoding="UTF-8"?>
<!DOCTYPE html PUBLIC "-//W3C//DTD XHTML 1.0 Transitional//EN"
    "http://www.w3.org/TR/xhtml1/DTD/xhtml1-transitional.dtd">
<html xmlns="http://www.w3.org/1999/xhtml" xml:lang="en" lang="en">
 <head>
  <title>
</title>
<meta http-equiv="Content-Type" content="text/html;charset=utf-8" />
  <meta name='ocr-system' content='tesseract 3.04.00' />
  <meta name='ocr-capabilities' content='ocr_page ocr_carea ocr_par ocr_line ocrx_word'/>
</head>
<body>
  <div class='ocr_page' id='page_1' title='image "./ivlifrontinistr00gundgoog_0109.png"; bbox 0 0 2400 3944; ppageno 0'>
   <div class='ocr_carea' id='block_1_1' title="bbox 136 180 959 258">
    <p class='ocr_par' dir='ltr' id='par_1_1' title="bbox 136 180 959 258">
     <span class='ocr_line' id='line_1_1' title="bbox 136 180 959 258; baseline 0 -21"><span class='ocrx_word' id='word_1_1' title='bbox 136 186 180 251; x_wconf 83' lang='grc'>84</span> <span class='ocrx_word' id='word_1_2' title='bbox 341 183 417 241; x_wconf 87' lang='lat' dir='ltr'>IULI</span> <span class='ocrx_word' id='word_1_3' title='bbox 434 182 611 240; x_wconf 78' lang='lat' dir='ltr'>FRONTINI</span> <span class='ocrx_word' id='word_1_4' title='bbox 630 180 959 258; x_wconf 64' lang='lat' dir='ltr'><strong>STRATEGEMATON</strong></span> 
     </span>
    </p>
   </div>
   <div class='ocr_carea' id='block_1_2' title="bbox 88 344 1198 1763">
    <p class='ocr_par' dir='ltr' id='par_1_2' title="bbox 137 344 1143 431">
     <span class='ocr_line' id='line_1_2' title="bbox 137 344 1143 431; baseline -0.003 -17"><span class='ocrx_word' id='word_1_5' title='bbox 137 348 278 414; x_wconf 74' lang='lat' dir='ltr'>reddidit</span> <span class='ocrx_word' id='word_1_6' title='bbox 307 347 501 431; x_wconf 80' lang='lat' dir='ltr'>insuperque</span> <span class='ocrx_word' id='word_1_7' title='bbox 534 367 662 429; x_wconf 85' lang='lat' dir='ltr'>aurum,</span> <span class='ocrx_word' id='word_1_8' title='bbox 690 344 775 428; x_wconf 88' lang='lat' dir='ltr'>quod</span> <span class='ocrx_word' id='word_1_9' title='bbox 802 347 955 429; x_wconf 85' lang='lat' dir='ltr'>parentes</span> <span class='ocrx_word' id='word_1_10' title='bbox 984 345 1058 411; x_wconf 88' lang='lat' dir='ltr'>eiua</span> <span class='ocrx_word' id='word_1_11' title='bbox 1088 344 1143 411; x_wconf 82' lang='lat' dir='ltr'>red·</span> 
     </span>
    </p>

    <p class='ocr_par' dir='ltr' id='par_1_3' title="bbox 138 431 1145 521">
     <span class='ocr_line' id='line_1_3' title="bbox 138 431 1145 521; baseline -0.002 -18"><span class='ocrx_word' id='word_1_12' title='bbox 138 436 279 521; x_wconf 75' lang='lat' dir='ltr'><strong>empturi</strong></span> <span class='ocrx_word' id='word_1_13' title='bbox 310 436 475 520; x_wconf 90' lang='lat' dir='ltr'>captiuam</span> <span class='ocrx_word' id='word_1_14' title='bbox 503 434 622 500; x_wconf 94' lang='lat' dir='ltr'>donum</span> <span class='ocrx_word' id='word_1_15' title='bbox 650 431 794 518; x_wconf 80' lang='lat' dir='ltr'>Scipioni</span> <span class='ocrx_word' id='word_1_16' title='bbox 821 433 1023 519; x_wconf 79' lang='lat' dir='ltr'>adtulerunt,</span> <span class='ocrx_word' id='word_1_17' title='bbox 1059 434 1145 501; x_wconf 84' lang='lat' dir='ltr'>siden</span> 
     </span>
    </p>

    <p class='ocr_par' dir='ltr' id='par_1_4' title="bbox 139 522 1147 611">
     <span class='ocr_line' id='line_1_4' title="bbox 139 522 1147 611; baseline -0.001 -20"><span class='ocrx_word' id='word_1_18' title='bbox 139 547 260 609; x_wconf 91' lang='lat' dir='ltr'>sponso</span> <span class='ocrx_word' id='word_1_19' title='bbox 274 546 334 609; x_wconf 93' lang='lat' dir='ltr'>pro</span> <span class='ocrx_word' id='word_1_20' title='bbox 347 524 488 609; x_wconf 72' lang='lat' dir='ltr'>nuptiali</span> <span class='ocrx_word' id='word_1_21' title='bbox 502 543 635 589; x_wconf 89' lang='lat' dir='ltr'>munere</span> <span class='ocrx_word' id='word_1_22' title='bbox 649 522 750 588; x_wconf 85' lang='lat' dir='ltr'>dedit:</span> <span class='ocrx_word' id='word_1_23' title='bbox 764 543 829 607; x_wconf 90' lang='lat' dir='ltr'>qua</span> <span class='ocrx_word' id='word_1_24' title='bbox 840 522 1024 607; x_wconf 72' lang='lat' dir='ltr'>multiplici</span> <span class='ocrx_word' id='word_1_25' title='bbox 1037 524 1147 611; x_wconf 83' lang='lat' dir='ltr'>magni·</span> 
     </span>
    </p>

    <p class='ocr_par' dir='ltr' id='par_1_5' title="bbox 102 611 1149 770">
     <span class='ocr_line' id='line_1_5' title="bbox 137 611 1149 699; baseline 0.001 -21"><span class='ocrx_word' id='word_1_26' title='bbox 137 615 268 680; x_wconf 80' lang='lat' dir='ltr'>licentia</span> <span class='ocrx_word' id='word_1_27' title='bbox 294 613 447 679; x_wconf 87' lang='lat' dir='ltr'>uniuersa</span> <span class='ocrx_word' id='word_1_28' title='bbox 475 634 555 699; x_wconf 83' lang='lat' dir='ltr'>gens</span> <span class='ocrx_word' id='word_1_29' title='bbox 576 612 674 695; x_wconf 79' lang='lat' dir='ltr'>¹uicto</span> <span class='ocrx_word' id='word_1_30' title='bbox 705 611 841 696; x_wconf 85' lang='lat' dir='ltr'>imperio</span> <span class='ocrx_word' id='word_1_31' title='bbox 872 611 992 696; x_wconf 90' lang='lat' dir='ltr'>populi</span> <span class='ocrx_word' id='word_1_32' title='bbox 1020 611 1149 680; x_wconf 86' lang='lat' dir='ltr'>Romani</span> 
     </span>
     <span class='ocr_line' id='line_1_6' title="bbox 102 704 286 770; baseline -0.016 0"><span class='ocrx_word' id='word_1_33' title='bbox 102 704 286 770; x_wconf 75' lang='lat' dir='ltr'>tuccessit.</span> 
     </span>
    </p>

    <p class='ocr_par' dir='ltr' id='par_1_6' title="bbox 139 787 1198 1142">
     <span class='ocr_line' id='line_1_7' title="bbox 207 787 1153 874; baseline -0.001 -16"><span class='ocrx_word' id='word_1_34' title='bbox 207 792 251 873; x_wconf 85' lang='lat'>[6.</span> <span class='ocrx_word' id='word_1_35' title='bbox 283 790 507 856; x_wconf 78' lang='lat' dir='ltr'>Alexandrum</span> <span class='ocrx_word' id='word_1_36' title='bbox 530 810 659 874; x_wconf 88' lang='lat' dir='ltr'>quoque</span> <span class='ocrx_word' id='word_1_37' title='bbox 681 787 892 854; x_wconf 90' lang='lat' dir='ltr'>Macedonem</span> <span class='ocrx_word' id='word_1_38' title='bbox 922 789 1089 857; x_wconf 86' lang='lat' dir='ltr'>traditum</span> <span class='ocrx_word' id='word_1_39' title='bbox 1113 794 1153 857; x_wconf 87' lang='lat' dir='ltr'>est</span> 
     </span>
     <span class='ocr_line' id='line_1_8' title="bbox 139 876 1153 964; baseline -0.002 -17"><span class='ocrx_word' id='word_1_40' title='bbox 139 881 275 947; x_wconf 82' lang='lat' dir='ltr'>eximiae</span> <span class='ocrx_word' id='word_1_41' title='bbox 299 879 552 964; x_wconf 85' lang='lat' dir='ltr'>pulchritudinis</span> <span class='ocrx_word' id='word_1_42' title='bbox 575 878 696 963; x_wconf 84' lang='lat' dir='ltr'>uirgini</span> <span class='ocrx_word' id='word_1_43' title='bbox 717 876 880 963; x_wconf 87' lang='lat' dir='ltr'>captiuas,</span> <span class='ocrx_word' id='word_1_44' title='bbox 903 898 978 944; x_wconf 91' lang='lat' dir='ltr'>cum</span> <span class='ocrx_word' id='word_1_45' title='bbox 1002 879 1153 947; x_wconf 86' lang='lat' dir='ltr'>finitimas</span> 
     </span>
     <span class='ocr_line' id='line_1_9' title="bbox 139 964 1191 1056; baseline 0.001 -22"><span class='ocrx_word' id='word_1_46' title='bbox 139 970 248 1056; x_wconf 87' lang='lat' dir='ltr'>gentis</span> <span class='ocrx_word' id='word_1_47' title='bbox 277 968 420 1053; x_wconf 79' lang='lat' dir='ltr'>principi</span> <span class='ocrx_word' id='word_1_48' title='bbox 446 967 564 1032; x_wconf 87' lang='lat' dir='ltr'>fuisset</span> <span class='ocrx_word' id='word_1_49' title='bbox 591 966 765 1052; x_wconf 77' lang='lat' dir='ltr'>desponsa,</span> <span class='ocrx_word' id='word_1_50' title='bbox 798 988 926 1032; x_wconf 90' lang='lat' dir='ltr'>summa</span> <span class='ocrx_word' id='word_1_51' title='bbox 958 966 1154 1035; x_wconf 87' lang='lat' dir='ltr'>abstinentia</span> <span class='ocrx_word' id='word_1_52' title='bbox 1187 964 1191 975; x_wconf 81' lang='grc'>’</span> 
     </span>
     <span class='ocr_line' id='line_1_10' title="bbox 139 1054 1198 1142; baseline -0.001 -20"><span class='ocrx_word' id='word_1_53' title='bbox 139 1059 188 1123; x_wconf 89' lang='lat' dir='ltr'>ita</span> <span class='ocrx_word' id='word_1_54' title='bbox 207 1058 451 1142; x_wconf 68' lang='lat' dir='ltr'>pepercissent</span> <span class='ocrx_word' id='word_1_55' title='bbox 467 1056 561 1121; x_wconf 89' lang='lat' dir='ltr'>illam</span> <span class='ocrx_word' id='word_1_56' title='bbox 579 1077 621 1121; x_wconf 88' lang='lat' dir='ltr'>ue</span> <span class='ocrx_word' id='word_1_57' title='bbox 640 1054 824 1142; x_wconf 85' lang='lat' dir='ltr'>adspexerit</span> <span class='ocrx_word' id='word_1_58' title='bbox 843 1055 988 1141; x_wconf 84' lang='lat' dir='ltr'>quidem:</span> <span class='ocrx_word' id='word_1_59' title='bbox 1003 1078 1073 1142; x_wconf 90' lang='lat' dir='ltr'>qua</span> <span class='ocrx_word' id='word_1_60' title='bbox 1089 1079 1154 1124; x_wconf 85' lang='lat' dir='ltr'>mox</span> <span class='ocrx_word' id='word_1_61' title='bbox 1196 1114 1198 1121; x_wconf 93' lang='lat'><em>.</em></span> 
     </span>
    </p>

    <p class='ocr_par' dir='ltr' id='par_1_7' title="bbox 88 1144 1155 1316">
     <span class='ocr_line' id='line_1_11' title="bbox 88 1144 1155 1230; baseline -0.001 -16"><span class='ocrx_word' id='word_1_62' title='bbox 88 1164 121 1214; x_wconf 88' lang='lat'>10</span> <span class='ocrx_word' id='word_1_63' title='bbox 141 1147 182 1211; x_wconf 94' lang='lat' dir='ltr'>ad</span> <span class='ocrx_word' id='word_1_64' title='bbox 205 1167 361 1230; x_wconf 93' lang='lat' dir='ltr'>sponsum</span> <span class='ocrx_word' id='word_1_65' title='bbox 388 1145 538 1228; x_wconf 89' lang='lat' dir='ltr'>remissa,</span> <span class='ocrx_word' id='word_1_66' title='bbox 566 1145 739 1211; x_wconf 89' lang='lat' dir='ltr'>uniuersae</span> <span class='ocrx_word' id='word_1_67' title='bbox 767 1144 874 1229; x_wconf 83' lang='lat' dir='ltr'>gentis</span> <span class='ocrx_word' id='word_1_68' title='bbox 896 1166 957 1230; x_wconf 86' lang='lat' dir='ltr'>per</span> <span class='ocrx_word' id='word_1_69' title='bbox 978 1145 1050 1213; x_wconf 92' lang='lat' dir='ltr'>hoc</span> <span class='ocrx_word' id='word_1_70' title='bbox 1074 1147 1155 1213; x_wconf 85' lang='lat' dir='ltr'>bone</span> 
     </span>
     <span class='ocr_line' id='line_1_12' title="bbox 139 1233 722 1316; baseline -0.002 -17"><span class='ocrx_word' id='word_1_71' title='bbox 139 1235 250 1301; x_wconf 89' lang='lat' dir='ltr'>ficium</span> <span class='ocrx_word' id='word_1_72' title='bbox 274 1234 401 1299; x_wconf 92' lang='lat' dir='ltr'>animos</span> <span class='ocrx_word' id='word_1_73' title='bbox 425 1234 613 1299; x_wconf 90' lang='lat' dir='ltr'>conciliauit</span> <span class='ocrx_word' id='word_1_74' title='bbox 636 1233 722 1316; x_wconf 87' lang='lat' dir='ltr'>sibi]</span> 
     </span>
    </p>

    <p class='ocr_par' dir='ltr' id='par_1_8' title="bbox 141 1320 1156 1585">
     <span class='ocr_line' id='line_1_13' title="bbox 210 1320 1156 1409; baseline 0.004 -22"><span class='ocrx_word' id='word_1_75' title='bbox 210 1324 237 1388; x_wconf 80' lang='lat'>7.</span> <span class='ocrx_word' id='word_1_76' title='bbox 261 1323 445 1406; x_wconf 89' lang='lat' dir='ltr'>Imperator</span> <span class='ocrx_word' id='word_1_77' title='bbox 460 1320 580 1388; x_wconf 80' lang='lat' dir='ltr'>Caesar</span> <span class='ocrx_word' id='word_1_78' title='bbox 593 1322 763 1408; x_wconf 79' lang='lat' dir='ltr'>Augustus</span> <span class='ocrx_word' id='word_1_79' title='bbox 777 1320 991 1388; x_wconf 81' lang='lat' dir='ltr'>Germanicus</span> <span class='ocrx_word' id='word_1_80' title='bbox 1009 1345 1052 1390; x_wconf 94' lang='lat' dir='ltr'>eo</span> <span class='ocrx_word' id='word_1_81' title='bbox 1071 1325 1156 1409; x_wconf 87' lang='lat' dir='ltr'>bello,</span> 
     </span>
     <span class='ocr_line' id='line_1_14' title="bbox 142 1410 1156 1498; baseline 0.004 -22"><span class='ocrx_word' id='word_1_82' title='bbox 142 1432 206 1496; x_wconf 89' lang='lat' dir='ltr'>quo</span> <span class='ocrx_word' id='word_1_83' title='bbox 229 1411 326 1477; x_wconf 93' lang='lat' dir='ltr'>uictis</span> <span class='ocrx_word' id='word_1_84' title='bbox 349 1410 499 1477; x_wconf 90' lang='lat' dir='ltr'>hostibus</span> <span class='ocrx_word' id='word_1_85' title='bbox 523 1432 704 1498; x_wconf 81' lang='lat' dir='ltr'>cognomen</span> <span class='ocrx_word' id='word_1_86' title='bbox 722 1410 906 1477; x_wconf 84' lang='lat' dir='ltr'>Germanioi</span> <span class='ocrx_word' id='word_1_87' title='bbox 929 1413 1070 1498; x_wconf 89' lang='lat' dir='ltr'>meruit,</span> <span class='ocrx_word' id='word_1_88' title='bbox 1092 1434 1156 1480; x_wconf 88' lang='lat' dir='ltr'>cum</span> 
     </span>
     <span class='ocr_line' id='line_1_15' title="bbox 141 1497 1155 1585; baseline 0.003 -20"><span class='ocrx_word' id='word_1_89' title='bbox 141 1501 176 1565; x_wconf 95' lang='lat' dir='ltr'>in</span> <span class='ocrx_word' id='word_1_90' title='bbox 203 1500 323 1566; x_wconf 91' lang='lat' dir='ltr'>finibus</span> <span class='ocrx_word' id='word_1_91' title='bbox 347 1497 526 1566; x_wconf 77' lang='lat' dir='ltr'>(lubiorum</span> <span class='ocrx_word' id='word_1_92' title='bbox 553 1500 689 1566; x_wconf 87' lang='lat' dir='ltr'>castella</span> <span class='ocrx_word' id='word_1_93' title='bbox 719 1503 866 1585; x_wconf 89' lang='lat' dir='ltr'>poneret,</span> <span class='ocrx_word' id='word_1_94' title='bbox 903 1522 965 1584; x_wconf 86' lang='lat' dir='ltr'>pro</span> <span class='ocrx_word' id='word_1_95' title='bbox 998 1501 1155 1570; x_wconf 71' lang='lat' dir='ltr'>frucfibus</span> 
     </span>
    </p>

    <p class='ocr_par' dir='ltr' id='par_1_9' title="bbox 88 1588 1156 1763">
     <span class='ocr_line' id='line_1_16' title="bbox 88 1588 1156 1674; baseline 0.001 -19"><span class='ocrx_word' id='word_1_96' title='bbox 88 1606 121 1656; x_wconf 80' lang='lat'>15</span> <span class='ocrx_word' id='word_1_97' title='bbox 141 1591 299 1674; x_wconf 92' lang='lat' dir='ltr'>locorum,</span> <span class='ocrx_word' id='word_1_98' title='bbox 332 1611 414 1674; x_wconf 89' lang='lat' dir='ltr'>quae</span> <span class='ocrx_word' id='word_1_99' title='bbox 447 1590 533 1655; x_wconf 89' lang='lat' dir='ltr'>uallo</span> <span class='ocrx_word' id='word_1_100' title='bbox 557 1588 865 1674; x_wconf 86' lang='lat' dir='ltr'>comprehendebat,</span> <span class='ocrx_word' id='word_1_101' title='bbox 901 1589 1049 1674; x_wconf 90' lang='lat' dir='ltr'>pretium</span> <span class='ocrx_word' id='word_1_102' title='bbox 1080 1590 1156 1658; x_wconf 90' lang='lat' dir='ltr'>solui</span> 
     </span>
     <span class='ocr_line' id='line_1_17' title="bbox 141 1676 1156 1763; baseline 0 -20"><span class='ocrx_word' id='word_1_103' title='bbox 141 1679 251 1745; x_wconf 88' lang='lat' dir='ltr'>iussit:</span> <span class='ocrx_word' id='word_1_104' title='bbox 266 1682 363 1763; x_wconf 90' lang='lat' dir='ltr'>atque</span> <span class='ocrx_word' id='word_1_105' title='bbox 378 1679 426 1744; x_wconf 89' lang='lat' dir='ltr'>ita</span> <span class='ocrx_word' id='word_1_106' title='bbox 440 1679 584 1744; x_wconf 90' lang='lat' dir='ltr'>iustitiae</span> <span class='ocrx_word' id='word_1_107' title='bbox 598 1678 688 1744; x_wconf 84' lang='lat' dir='ltr'>fama</span> <span class='ocrx_word' id='word_1_108' title='bbox 702 1678 848 1745; x_wconf 91' lang='lat' dir='ltr'>omnium</span> <span class='ocrx_word' id='word_1_109' title='bbox 863 1676 960 1743; x_wconf 85' lang='lat' dir='ltr'>fidem</span> <span class='ocrx_word' id='word_1_110' title='bbox 974 1679 1156 1746; x_wconf 84' lang='lat' dir='ltr'>adstrinxit.</span> 
     </span>
    </p>
   </div>
   <div class='ocr_carea' id='block_1_3' title="bbox 140 1886 1157 2121">
    <p class='ocr_par' dir='ltr' id='par_1_10' title="bbox 140 1886 1157 2121">
     <span class='ocr_line' id='line_1_18' title="bbox 140 1886 1157 1956; baseline 0.003 -14"><span class='ocrx_word' id='word_1_111' title='bbox 140 1888 201 1944; x_wconf 86' lang='lat' dir='ltr'><strong>XII.</strong></span> <span class='ocrx_word' id='word_1_112' title='bbox 234 1887 333 1956; x_wconf 81' lang='lat' dir='ltr'><strong>QUAE</strong></span> <span class='ocrx_word' id='word_1_113' title='bbox 360 1886 544 1943; x_wconf 82' lang='lat' dir='ltr'>FACIENDA</span> <span class='ocrx_word' id='word_1_114' title='bbox 570 1886 654 1942; x_wconf 81' lang='lat' dir='ltr'>SINT</span> <span class='ocrx_word' id='word_1_115' title='bbox 678 1887 750 1943; x_wconf 81' lang='lat' dir='ltr'>PRO</span> <span class='ocrx_word' id='word_1_116' title='bbox 777 1886 1001 1944; x_wconf 78' lang='lat' dir='ltr'><strong>CASTRORUM</strong></span> <span class='ocrx_word' id='word_1_117' title='bbox 1029 1888 1157 1945; x_wconf 74' lang='lat' dir='ltr'>Danuu-</span> 
     </span>
     <span class='ocr_line' id='line_1_19' title="bbox 142 1974 1156 2046; baseline 0.003 -13"><span class='ocrx_word' id='word_1_118' title='bbox 142 1976 262 2046; x_wconf 73' lang='lat' dir='ltr'>sicus,</span> <span class='ocrx_word' id='word_1_119' title='bbox 289 1978 321 2032; x_wconf 89' lang='lat' dir='ltr'>SI</span> <span class='ocrx_word' id='word_1_120' title='bbox 347 1975 449 2031; x_wconf 80' lang='lat' dir='ltr'>SATIS</span> <span class='ocrx_word' id='word_1_121' title='bbox 474 1974 647 2032; x_wconf 80' lang='lat' dir='ltr'><strong>FIDUOIAE</strong></span> <span class='ocrx_word' id='word_1_122' title='bbox 672 1976 712 2031; x_wconf 80' lang='lat' dir='ltr'>lu</span> <span class='ocrx_word' id='word_1_123' title='bbox 737 1975 1019 2034; x_wconf 81' lang='lat' dir='ltr'>PRAESENTIBUS</span> <span class='ocrx_word' id='word_1_124' title='bbox 1049 1978 1156 2036; x_wconf 73' lang='lat' dir='ltr'>copus</span> 
     </span>
     <span class='ocr_line' id='line_1_20' title="bbox 496 2064 802 2121; baseline -0.01 0"><span class='ocrx_word' id='word_1_125' title='bbox 496 2064 574 2121; x_wconf 88' lang='lat' dir='ltr'>NON</span> <span class='ocrx_word' id='word_1_126' title='bbox 592 2064 802 2121; x_wconf 76' lang='lat' dir='ltr'>HABEAMUS.</span> 
     </span>
    </p>
   </div>
   <div class='ocr_carea' id='block_1_4' title="bbox 89 2209 1158 2650">
    <p class='ocr_par' dir='ltr' id='par_1_11' title="bbox 89 2209 1158 2650">
     <span class='ocr_line' id='line_1_21' title="bbox 89 2209 1157 2294; baseline 0.009 -18"><span class='ocrx_word' id='word_1_127' title='bbox 89 2229 123 2278; x_wconf 79' lang='lat'>20</span> <span class='ocrx_word' id='word_1_128' title='bbox 212 2211 239 2274; x_wconf 91' lang='lat'>1.</span> <span class='ocrx_word' id='word_1_129' title='bbox 271 2209 308 2275; x_wconf 85' lang='grc' dir='ltr'>Τ.</span> <span class='ocrx_word' id='word_1_130' title='bbox 329 2209 480 2285; x_wconf 80' lang='lat' dir='ltr'>Quintius</span> <span class='ocrx_word' id='word_1_131' title='bbox 504 2211 633 2294; x_wconf 92' lang='lat' dir='ltr'>consul,</span> <span class='ocrx_word' id='word_1_132' title='bbox 655 2231 729 2275; x_wconf 90' lang='lat' dir='ltr'>oum</span> <span class='ocrx_word' id='word_1_133' title='bbox 748 2209 860 2277; x_wconf 89' lang='lat' dir='ltr'>Volsci</span> <span class='ocrx_word' id='word_1_134' title='bbox 882 2213 992 2278; x_wconf 87' lang='lat' dir='ltr'>castra</span> <span class='ocrx_word' id='word_1_135' title='bbox 1017 2215 1090 2281; x_wconf 87' lang='lat' dir='ltr'>eius</span> <span class='ocrx_word' id='word_1_136' title='bbox 1113 2213 1157 2286; x_wconf 69' lang='lat' dir='ltr'>od·</span> 
     </span>
     <span class='ocr_line' id='line_1_22' title="bbox 145 2297 1157 2383; baseline 0.006 -22"><span class='ocrx_word' id='word_1_137' title='bbox 145 2297 334 2383; x_wconf 84' lang='lat' dir='ltr'>gress&lt;ur&gt;i</span> <span class='ocrx_word' id='word_1_138' title='bbox 364 2298 485 2380; x_wconf 88' lang='lat' dir='ltr'>forent,</span> <span class='ocrx_word' id='word_1_139' title='bbox 517 2299 684 2364; x_wconf 89' lang='lat' dir='ltr'>cohortem</span> <span class='ocrx_word' id='word_1_140' title='bbox 713 2301 940 2365; x_wconf 90' lang='lat' dir='ltr'>tantummodo</span> <span class='ocrx_word' id='word_1_141' title='bbox 964 2301 1000 2365; x_wconf 93' lang='lat' dir='ltr'>in</span> <span class='ocrx_word' id='word_1_142' title='bbox 1026 2304 1157 2383; x_wconf 85' lang='lat' dir='ltr'>statione</span> 
     </span>
     <span class='ocr_line' id='line_1_23' title="bbox 145 2385 1157 2475; baseline 0.004 -23"><span class='ocrx_word' id='word_1_143' title='bbox 145 2385 300 2470; x_wconf 90' lang='lat' dir='ltr'>detinuit,</span> <span class='ocrx_word' id='word_1_144' title='bbox 328 2387 487 2472; x_wconf 91' lang='lat' dir='ltr'>reliquum</span> <span class='ocrx_word' id='word_1_145' title='bbox 511 2390 687 2453; x_wconf 91' lang='lat' dir='ltr'>exercitum</span> <span class='ocrx_word' id='word_1_146' title='bbox 711 2387 752 2452; x_wconf 89' lang='lat' dir='ltr'>ad</span> <span class='ocrx_word' id='word_1_147' title='bbox 776 2388 1004 2475; x_wconf 89' lang='lat' dir='ltr'>quiescendum</span> <span class='ocrx_word' id='word_1_148' title='bbox 1031 2392 1157 2458; x_wconf 91' lang='lat' dir='ltr'>dimisit</span> 
     </span>
     <span class='ocr_line' id='line_1_24' title="bbox 145 2474 1157 2565; baseline 0.007 -25"><span class='ocrx_word' id='word_1_149' title='bbox 145 2474 373 2540; x_wconf 80' lang='lat' dir='ltr'>aeneatoribus</span> <span class='ocrx_word' id='word_1_150' title='bbox 391 2477 566 2562; x_wconf 84' lang='lat' dir='ltr'>praecepit,</span> <span class='ocrx_word' id='word_1_151' title='bbox 589 2482 626 2542; x_wconf 89' lang='lat' dir='ltr'>ut</span> <span class='ocrx_word' id='word_1_152' title='bbox 653 2477 776 2542; x_wconf 91' lang='lat' dir='ltr'>uallum</span> <span class='ocrx_word' id='word_1_153' title='bbox 792 2476 973 2544; x_wconf 90' lang='lat' dir='ltr'>insidentes</span> <span class='ocrx_word' id='word_1_154' title='bbox 992 2482 1088 2565; x_wconf 88' lang='lat' dir='ltr'>equis</span> <span class='ocrx_word' id='word_1_155' title='bbox 1106 2481 1157 2547; x_wconf 81' lang='lat' dir='ltr'>cir·</span> 
     </span>
     <span class='ocr_line' id='line_1_25' title="bbox 146 2563 1158 2650; baseline 0.007 -21"><span class='ocrx_word' id='word_1_156' title='bbox 146 2563 307 2629; x_wconf 87' lang='lat' dir='ltr'>cumirent</span> <span class='ocrx_word' id='word_1_157' title='bbox 325 2566 609 2650; x_wconf 88' lang='lat' dir='ltr'>concinerentque:</span> <span class='ocrx_word' id='word_1_158' title='bbox 629 2588 694 2650; x_wconf 92' lang='lat' dir='ltr'>qua</span> <span class='ocrx_word' id='word_1_159' title='bbox 711 2565 795 2632; x_wconf 85' lang='lat' dir='ltr'>facie</span> <span class='ocrx_word' id='word_1_160' title='bbox 809 2570 842 2631; x_wconf 90' lang='lat' dir='ltr'>et</span> <span class='ocrx_word' id='word_1_161' title='bbox 862 2567 1076 2637; x_wconf 89' lang='lat' dir='ltr'>simulatione</span> <span class='ocrx_word' id='word_1_162' title='bbox 1094 2590 1158 2636; x_wconf 85' lang='lat' dir='ltr'>cum</span> 
     </span>
    </p>
   </div>
   <div class='ocr_carea' id='block_1_5' title="bbox 92 2653 1158 2741">
    <p class='ocr_par' dir='ltr' id='par_1_12' title="bbox 92 2653 1158 2741">
     <span class='ocr_line' id='line_1_26' title="bbox 92 2653 1158 2741; baseline 0.005 -22"><span class='ocrx_word' id='word_1_163' title='bbox 92 2668 126 2719; x_wconf 77' lang='lat'>25</span> <span class='ocrx_word' id='word_1_164' title='bbox 146 2656 180 2718; x_wconf 90' lang='lat' dir='ltr'>et</span> <span class='ocrx_word' id='word_1_165' title='bbox 194 2653 420 2736; x_wconf 89' lang='lat' dir='ltr'>propulsasset</span> <span class='ocrx_word' id='word_1_166' title='bbox 438 2659 471 2720; x_wconf 92' lang='lat' dir='ltr'>et</span> <span class='ocrx_word' id='word_1_167' title='bbox 490 2655 681 2721; x_wconf 89' lang='lat' dir='ltr'>detinuisset</span> <span class='ocrx_word' id='word_1_168' title='bbox 699 2676 757 2738; x_wconf 90' lang='lat' dir='ltr'>per</span> <span class='ocrx_word' id='word_1_169' title='bbox 775 2659 880 2721; x_wconf 86' lang='lat' dir='ltr'>totam</span> <span class='ocrx_word' id='word_1_170' title='bbox 894 2659 1025 2722; x_wconf 91' lang='lat' dir='ltr'>noctem</span> <span class='ocrx_word' id='word_1_171' title='bbox 1046 2660 1158 2741; x_wconf 86' lang='lat' dir='ltr'>hostes,</span> 
     </span>
    </p>
   </div>
   <div class='ocr_carea' id='block_1_6' title="bbox 147 2741 1158 2916">
    <p class='ocr_par' dir='ltr' id='par_1_13' title="bbox 147 2741 1158 2916">
     <span class='ocr_line' id='line_1_27' title="bbox 147 2741 1158 2834; baseline 0.005 -28"><span class='ocrx_word' id='word_1_172' title='bbox 147 2741 188 2807; x_wconf 88' lang='lat' dir='ltr'>ad</span> <span class='ocrx_word' id='word_1_173' title='bbox 210 2742 290 2807; x_wconf 92' lang='lat' dir='ltr'>lucis</span> <span class='ocrx_word' id='word_1_174' title='bbox 309 2747 458 2809; x_wconf 88' lang='lat' dir='ltr'>exortum</span> <span class='ocrx_word' id='word_1_175' title='bbox 480 2744 584 2809; x_wconf 88' lang='lat' dir='ltr'>fessos</span> <span class='ocrx_word' id='word_1_176' title='bbox 602 2744 718 2830; x_wconf 83' lang='lat' dir='ltr'>uigilia</span> <span class='ocrx_word' id='word_1_177' title='bbox 736 2748 867 2827; x_wconf 88' lang='lat' dir='ltr'>repente</span> <span class='ocrx_word' id='word_1_178' title='bbox 884 2743 974 2811; x_wconf 88' lang='lat' dir='ltr'>facta</span> <span class='ocrx_word' id='word_1_179' title='bbox 992 2749 1158 2834; x_wconf 88' lang='lat' dir='ltr'>eruptione</span> 
     </span>
     <span class='ocr_line' id='line_1_28' title="bbox 147 2831 442 2916; baseline 0.01 -22"><span class='ocrx_word' id='word_1_180' title='bbox 147 2831 242 2895; x_wconf 89' lang='lat' dir='ltr'>facile</span> <span class='ocrx_word' id='word_1_181' title='bbox 266 2832 442 2916; x_wconf 89' lang='lat' dir='ltr'>superauit.</span> 
     </span>
    </p>
   </div>
   <div class='ocr_carea' id='block_1_7' title="bbox 143 2988 1165 3632">
    <p class='ocr_par' dir='ltr' id='par_1_14' title="bbox 145 2988 1164 3346">
     <span class='ocr_line' id='line_1_29' title="bbox 217 2988 1162 3062; baseline 0.005 -18"><span class='ocrx_word' id='word_1_182' title='bbox 217 2995 233 3044; x_wconf 79' lang='lat'>2</span> <span class='ocrx_word' id='word_1_183' title='bbox 253 2988 344 3043; x_wconf 89' lang='lat' dir='ltr'>eidem</span> <span class='ocrx_word' id='word_1_184' title='bbox 362 2989 390 3043; x_wconf 93' lang='lat' dir='ltr'><strong><em>P</em></strong></span> <span class='ocrx_word' id='word_1_185' title='bbox 408 2992 437 3045; x_wconf 90' lang='lat' dir='ltr'>et</span> <span class='ocrx_word' id='word_1_186' title='bbox 454 2988 530 3044; x_wconf 91' lang='lat' dir='ltr'>idem</span> <span class='ocrx_word' id='word_1_187' title='bbox 551 2988 633 3061; x_wconf 75' lang='lat' dir='ltr'>GHl</span> <span class='ocrx_word' id='word_1_188' title='bbox 654 2996 670 3044; x_wconf 83' lang='lat'><strong>3</strong></span> <span class='ocrx_word' id='word_1_189' title='bbox 689 2990 756 3058; x_wconf 87' lang='lat' dir='ltr'>quia</span> <span class='ocrx_word' id='word_1_190' title='bbox 777 2989 873 3061; x_wconf 61' lang='lat'><em>&amp;11¹1</em></span> <span class='ocrx_word' id='word_1_191' title='bbox 895 2997 911 3046; x_wconf 89' lang='grc'><strong>6</strong></span> <span class='ocrx_word' id='word_1_192' title='bbox 929 2992 1086 3062; x_wconf 69' lang='lat' dir='ltr'>canapium</span> <span class='ocrx_word' id='word_1_193' title='bbox 1102 2993 1162 3051; x_wconf 71' lang='lat' dir='ltr'>alte</span> 
     </span>
     <span class='ocr_line' id='line_1_30' title="bbox 145 3059 1161 3136; baseline 0.007 -21"><span class='ocrx_word' id='word_1_194' title='bbox 145 3077 227 3116; x_wconf 75' lang='lat' dir='ltr'>uum.-</span> <span class='ocrx_word' id='word_1_195' title='bbox 245 3060 437 3131; x_wconf 41' lang='lat' dir='ltr'>adponet&amp;</span> <span class='ocrx_word' id='word_1_196' title='bbox 453 3063 457 3129; x_wconf 85' lang='grc' dir='ltr'>Ι</span> <span class='ocrx_word' id='word_1_197' title='bbox 473 3060 659 3116; x_wconf 88' lang='lat' dir='ltr'>macedonum</span> <span class='ocrx_word' id='word_1_198' title='bbox 679 3059 726 3133; x_wconf 68' lang='lat' dir='ltr'>(il</span> <span class='ocrx_word' id='word_1_199' title='bbox 750 3066 765 3116; x_wconf 84' lang='lat'>&#39;1</span> <span class='ocrx_word' id='word_1_200' title='bbox 784 3061 911 3132; x_wconf 79' lang='lat' dir='ltr'>uirginae</span> <span class='ocrx_word' id='word_1_201' title='bbox 928 3062 962 3116; x_wconf 89' lang='grc' dir='ltr'>Η</span> <span class='ocrx_word' id='word_1_202' title='bbox 976 3065 981 3132; x_wconf 78' lang='lat'>1</span> <span class='ocrx_word' id='word_1_203' title='bbox 997 3063 1161 3136; x_wconf 79' lang='lat' dir='ltr'>captiuabl</span> 
     </span>
     <span class='ocr_line' id='line_1_31' title="bbox 147 3131 1163 3212; baseline 0.005 -26"><span class='ocrx_word' id='word_1_204' title='bbox 147 3137 163 3186; x_wconf 88' lang='lat'>8</span> <span class='ocrx_word' id='word_1_205' title='bbox 182 3131 352 3201; x_wconf 84' lang='lat' dir='ltr'>desponsata</span> <span class='ocrx_word' id='word_1_206' title='bbox 369 3131 437 3201; x_wconf 61' lang='lat'>121³}</span> <span class='ocrx_word' id='word_1_207' title='bbox 460 3138 477 3186; x_wconf 83' lang='grc'>9</span> <span class='ocrx_word' id='word_1_208' title='bbox 495 3133 654 3212; x_wconf 89' lang='lat' dir='ltr'>percepisse</span> <span class='ocrx_word' id='word_1_209' title='bbox 672 3132 716 3187; x_wconf 89' lang='lat' dir='ltr'>H¹</span> <span class='ocrx_word' id='word_1_210' title='bbox 735 3133 862 3202; x_wconf 76' lang='lat' dir='ltr'>pcepisse</span> <span class='ocrx_word' id='word_1_211' title='bbox 880 3134 899 3188; x_wconf 74' lang='lat' dir='ltr'><strong><em>h</em></strong></span> <span class='ocrx_word' id='word_1_212' title='bbox 914 3135 918 3202; x_wconf 87' lang='grc' dir='ltr'>Ι</span> <span class='ocrx_word' id='word_1_213' title='bbox 936 3139 969 3188; x_wconf 74' lang='lat'>12</span> <span class='ocrx_word' id='word_1_214' title='bbox 988 3135 1163 3193; x_wconf 84' lang='lat' dir='ltr'>Domitianus</span> 
     </span>
     <span class='ocr_line' id='line_1_32' title="bbox 147 3202 1164 3279; baseline 0.004 -21"><span class='ocrx_word' id='word_1_215' title='bbox 147 3203 245 3258; x_wconf 75' lang='lat' dir='ltr'>addd</span> <span class='ocrx_word' id='word_1_216' title='bbox 261 3207 265 3270; x_wconf 92' lang='grc' dir='ltr'>Ι</span> <span class='ocrx_word' id='word_1_217' title='bbox 283 3209 317 3257; x_wconf 84' lang='grc'>14</span> <span class='ocrx_word' id='word_1_218' title='bbox 334 3203 365 3256; x_wconf 91' lang='lat' dir='ltr'>in</span> <span class='ocrx_word' id='word_1_219' title='bbox 383 3219 433 3258; x_wconf 85' lang='lat' dir='ltr'>om.</span> <span class='ocrx_word' id='word_1_220' title='bbox 448 3203 483 3257; x_wconf 91' lang='lat' dir='ltr'><strong><em>H</em></strong></span> <span class='ocrx_word' id='word_1_221' title='bbox 522 3204 668 3258; x_wconf 85' lang='lat' dir='ltr'>cubrorum</span> <span class='ocrx_word' id='word_1_222' title='bbox 689 3202 787 3258; x_wconf 74' lang='lat'><em>01112</em></span> <span class='ocrx_word' id='word_1_223' title='bbox 805 3205 937 3259; x_wconf 90' lang='lat' dir='ltr'>Ubiorum</span> <span class='ocrx_word' id='word_1_224' title='bbox 957 3205 1037 3263; x_wconf 84' lang='lat' dir='ltr'>Mod.</span> <span class='ocrx_word' id='word_1_225' title='bbox 1057 3207 1164 3279; x_wconf 87' lang='lat' dir='ltr'>Usipio·</span> 
     </span>
     <span class='ocr_line' id='line_1_33' title="bbox 148 3272 800 3346; baseline 0.006 -20"><span class='ocrx_word' id='word_1_226' title='bbox 148 3290 212 3326; x_wconf 88' lang='lat' dir='ltr'>rum</span> <span class='ocrx_word' id='word_1_227' title='bbox 232 3272 301 3329; x_wconf 78' lang='lat' dir='ltr'>Oud.</span> <span class='ocrx_word' id='word_1_228' title='bbox 322 3272 468 3329; x_wconf 81' lang='lat' dir='ltr'>Cattorum</span> <span class='ocrx_word' id='word_1_229' title='bbox 550 3315 556 3327; x_wconf 85' lang='lat'><strong>.</strong></span> <span class='ocrx_word' id='word_1_230' title='bbox 578 3276 582 3344; x_wconf 80' lang='grc' dir='ltr'>Ι</span> <span class='ocrx_word' id='word_1_231' title='bbox 604 3280 637 3329; x_wconf 85' lang='grc'>16</span> <span class='ocrx_word' id='word_1_232' title='bbox 656 3273 709 3346; x_wconf 89' lang='lat' dir='ltr'>ita]</span> <span class='ocrx_word' id='word_1_233' title='bbox 729 3277 800 3330; x_wconf 82' lang='lat' dir='ltr'>ead</span> 
     </span>
    </p>

    <p class='ocr_par' dir='ltr' id='par_1_15' title="bbox 143 3344 1165 3632">
     <span class='ocr_line' id='line_1_34' title="bbox 221 3344 1165 3434; baseline 0.007 -37"><span class='ocrx_word' id='word_1_234' title='bbox 221 3348 253 3398; x_wconf 79' lang='lat'>1⁷</span> <span class='ocrx_word' id='word_1_235' title='bbox 273 3346 338 3398; x_wconf 92' lang='lat' dir='ltr'>sunt</span> <span class='ocrx_word' id='word_1_236' title='bbox 358 3344 424 3428; x_wconf 65' lang='lat' dir='ltr'>QH</span> <span class='ocrx_word' id='word_1_237' title='bbox 428 3346 462 3412; x_wconf 87' lang='lat' dir='ltr'>P,</span> <span class='ocrx_word' id='word_1_238' title='bbox 481 3362 550 3402; x_wconf 86' lang='lat' dir='ltr'>corr.</span> <span class='ocrx_word' id='word_1_239' title='bbox 569 3347 603 3402; x_wconf 87' lang='lat' dir='ltr'>d:</span> <span class='ocrx_word' id='word_1_240' title='bbox 622 3345 657 3414; x_wconf 78' lang='lat' dir='ltr'>cf.</span> <span class='ocrx_word' id='word_1_241' title='bbox 672 3362 703 3416; x_wconf 81' lang='lat' dir='ltr'>p.</span> <span class='ocrx_word' id='word_1_242' title='bbox 723 3349 768 3414; x_wconf 86' lang='lat'>39,</span> <span class='ocrx_word' id='word_1_243' title='bbox 787 3351 805 3402; x_wconf 85' lang='lat'><strong><em>3</em></strong></span> <span class='ocrx_word' id='word_1_244' title='bbox 825 3348 830 3415; x_wconf 91' lang='grc' dir='ltr'>Ι</span> <span class='ocrx_word' id='word_1_245' title='bbox 855 3364 907 3417; x_wconf 91' lang='lat' dir='ltr'>pro</span> <span class='ocrx_word' id='word_1_246' title='bbox 925 3347 1036 3417; x_wconf 82' lang='lat' dir='ltr'>castris,</span> <span class='ocrx_word' id='word_1_247' title='bbox 1056 3349 1120 3434; x_wconf 72' lang='lat' dir='ltr'>sid</span> <span class='ocrx_word' id='word_1_248' title='bbox 1135 3365 1165 3404; x_wconf 72' lang='lat' dir='ltr'>aa</span> 
     </span>
     <span class='ocr_line' id='line_1_35' title="bbox 143 3416 1164 3567; baseline 0.009 -29"><span class='ocrx_word' id='word_1_249' title='bbox 143 3418 275 3567; x_wconf 50' lang='lat' dir='ltr'>rerer</span> <span class='ocrx_word' id='word_1_250' title='bbox 295 3416 408 3543; x_wconf 56' lang='lat' dir='ltr'>tri?</span> <span class='ocrx_word' id='word_1_251' title='bbox 420 3417 859 3559; x_wconf 52' lang='lat' dir='ltr'>succursu}</span> <span class='ocrx_word' id='word_1_252' title='bbox 870 3424 915 3559; x_wconf 72' lang='lat' dir='ltr'>s</span> <span class='ocrx_word' id='word_1_253' title='bbox 939 3490 1164 3563; x_wconf 59' lang='grc'>]</span> 
     </span>
     <span class='ocr_line' id='line_1_36' title="bbox 149 3555 1078 3632; baseline 0.01 -22"><span class='ocrx_word' id='word_1_254' title='bbox 149 3556 209 3611; x_wconf 81' lang='lat' dir='ltr'>deti</span> <span class='ocrx_word' id='word_1_255' title='bbox 226 3555 262 3610; x_wconf 90' lang='lat' dir='ltr'><strong><em>H</em></strong></span> <span class='ocrx_word' id='word_1_256' title='bbox 266 3556 275 3588; x_wconf 85' lang='lat'>¹</span> <span class='ocrx_word' id='word_1_257' title='bbox 294 3558 462 3614; x_wconf 89' lang='lat' dir='ltr'>detinuisset</span> <span class='ocrx_word' id='word_1_258' title='bbox 480 3561 510 3615; x_wconf 92' lang='lat' dir='ltr'>et</span> <span class='ocrx_word' id='word_1_259' title='bbox 526 3561 544 3614; x_wconf 81' lang='lat' dir='ltr'>b</span> <span class='ocrx_word' id='word_1_260' title='bbox 563 3561 568 3631; x_wconf 89' lang='grc' dir='ltr'>Ι</span> <span class='ocrx_word' id='word_1_261' title='bbox 588 3560 651 3632; x_wconf 86' lang='lat' dir='ltr'>per]</span> <span class='ocrx_word' id='word_1_262' title='bbox 673 3576 742 3630; x_wconf 84' lang='lat' dir='ltr'>epcr</span> <span class='ocrx_word' id='word_1_263' title='bbox 762 3559 789 3615; x_wconf 74' lang='lat' dir='ltr'><strong><em>G</em></strong></span> <span class='ocrx_word' id='word_1_264' title='bbox 808 3578 874 3631; x_wconf 90' lang='lat' dir='ltr'>eper</span> <span class='ocrx_word' id='word_1_265' title='bbox 888 3561 922 3617; x_wconf 90' lang='lat' dir='ltr'><strong><em>H</em></strong></span> <span class='ocrx_word' id='word_1_266' title='bbox 937 3567 1001 3617; x_wconf 79' lang='lat' dir='ltr'>aute</span> <span class='ocrx_word' id='word_1_267' title='bbox 1017 3578 1078 3620; x_wconf 81' lang='lat' dir='ltr'>ras.</span> 
     </span>
    </p>
   </div>
   <div class='ocr_carea' id='block_1_8' title="bbox 0 0 1218 3944">
    <p class='ocr_par' dir='ltr' id='par_1_16' title="bbox 0 0 1218 3944">
     <span class='ocr_line' id='line_1_37' title="bbox 0 0 1218 3944; baseline 0 0"><span class='ocrx_word' id='word_1_268' title='bbox 0 0 1218 3944; x_wconf 95' lang='lat' dir='ltr'> </span> 
     </span>
    </p>
   </div>
  </div>
 </body>
</html>
