2400 3944
446 194 555 250 LIBER
573 196 594 254 1.
623 195 701 252 cAP.
722 202 746 251 5.
872 217 877 224 ·
1060 197 1100 261 21

158 359 209 425 19.
232 358 420 424 Hasdrubal
442 359 544 423 frater
568 357 776 441 Hannibalis,
800 380 872 424 cum
896 359 1016 424 saltum
1038 382 1105 425 non

83 452 202 533 posset
221 449 366 531 euadere,
381 447 527 513 faucibus
548 446 616 511 eius
631 447 785 533 obsessis,
799 448 867 534 egit
881 470 953 514 curn
967 446 1104 515 Claudio

82 537 220 603 Nerone
257 537 443 621 recepitque
480 535 649 601 dimissum
685 534 849 621 Hispania
890 559 1104 604 excessurum.

83 626 262 691 cauillatus
290 625 405 690 deinde
430 624 675 690 condicionibus
703 624 771 690 dies
800 626 923 709 aliquot
952 626 1104 710 extraxit,

85 715 208 799 quibus
233 715 383 794 omnibus
406 735 473 779 non
497 713 610 778 omisit
637 735 695 798 per
719 717 877 798 angustos
900 716 1048 780 tramites
1071 719 1138 780 ets

84 805 129 868 ob
155 803 189 867 id
212 803 377 888 neglectos
401 802 566 867 dimittere
594 824 652 886 per
678 807 789 886 partes
813 803 1004 868 exercitum:
1033 805 1104 887 ipse

84 892 204 957 deinde
228 913 300 957 cunr
324 891 458 975 reliquis
483 891 642 975 expeditis
666 890 762 956 facile
786 891 908 976 effugit.

155 981 208 1048 20.
232 978 407 1064 Spartacus
427 979 559 1064 fossam,
573 1003 637 1065 qua
656 983 725 1045 erat
744 979 819 1044 aM.
835 978 954 1045 Crasso
973 980 1105 1046 circum·

84 1069 196 1154 datus,
215 1069 316 1134 caesis
336 1063 540 1153 captiuorum
559 1090 777 1153 pecorumque
796 1070 988 1154 corporibus
1007 1073 1105 1135 noctu

82 1157 229 1242 repleuit
252 1160 285 1222 et
308 1177 536 1241 supergressus
560 1162 619 1223 est.
1125 1175 1158 1224 10

156 1247 209 1310 21.
233 1245 333 1330 Idem,
356 1247 391 1312 in
409 1245 533 1311 Vesuio
558 1248 709 1311 obsessus
734 1268 772 1312 ea
793 1250 901 1333 parte,
925 1269 989 1332 qua
1011 1269 1104 1313 mons

85 1333 288 1419 asperrimus
317 1338 388 1400 erat
414 1334 551 1419 ideoque
579 1334 812 1420 incustoditus,
842 1357 880 1400 ex
903 1336 1026 1402 uimine
1050 1337 1105 1401 sil-

85 1423 193 1488 uestri
216 1427 348 1488 orienes
372 1423 549 1489 conseruit:
578 1424 694 1508 quibus
723 1424 882 1489 demissus
910 1446 977 1491 non
1001 1426 1105 1491 solum

86 1511 204 1595 euasit,
224 1533 337 1577 uerum
358 1512 457 1577 etiam
476 1534 515 1576 ex
535 1513 600 1578 alio
620 1513 723 1578 latere
741 1511 894 1578 Clodium
913 1514 961 1579 ita
979 1515 1105 1598 terruit,

84 1606 132 1666 ut
150 1600 278 1684 aliquot
300 1601 449 1666 cohortes
479 1601 714 1688 gladiatoribus
743 1604 899 1685 quattuor
923 1610 955 1667 et
978 1606 1157 1688 septua-15

85 1690 182 1776 ginta
204 1688 367 1754 cesserint.

157 1777 210 1844 22.
232 1777 336 1861 Idem,
359 1778 433 1842 cum
452 1801 472 1843 a
491 1777 525 1843 P.
539 1778 676 1844 Varinio
702 1778 894 1862 proconsule
917 1780 1105 1862 praeclusus

86 1871 190 1950 esset,
218 1866 304 1952 palis
331 1888 389 1950 per
418 1866 545 1932 modica
572 1867 744 1931 interualla
770 1866 844 1930 fixis
873 1869 949 1931 ante
975 1869 1106 1950 portam

88 1959 198 2021 erecta
217 1955 389 2038 cadauera,
408 1955 566 2020 adornata
584 1959 673 2020 ueste
693 1960 790 2038 atque
809 1955 922 2039 armis,
945 1956 1106 2042 alligauit,

89 2049 127 2110 ut
150 2045 263 2128 procul
286 2044 489 2109 intuentibus
514 2044 666 2108 stationis
695 2044 818 2127 species
847 2048 947 2129 esset,
974 2044 1104 2129 ignibus
1124 2063 1158 2112 2ο

86 2155 149 2218 per
182 2135 253 2198 tota
285 2137 392 2197 castra
423 2132 533 2197 factis:
571 2133 715 2218 imagine
746 2154 833 2197 uana
865 2133 978 2198 deluso
1010 2134 1106 2200 hoste

87 2221 201 2305 copias
225 2221 355 2286 silentio
378 2221 484 2286 noctis
508 2221 626 2286 eduxit.

157 2310 209 2375 23.
232 2309 387 2375 Brasidas
411 2310 476 2375 dux
498 2309 841 2395 Lacedaemoniorum,
865 2311 950 2376 circa
968 2312 1106 2396 Amphi-

87 2398 193 2484 polim
216 2398 257 2464 ab
277 2398 527 2483 Atheniensium
551 2399 758 2464 multitudine
778 2421 914 2464 numero
938 2401 1032 2484 inpar
1055 2400 1105 2465 de·

86 2486 282 2574 prehensus,
310 2487 523 2553 claudendum
552 2509 587 2552 se
614 2488 792 2572 praestitit,
819 2491 857 2553 ut
884 2510 942 2573 per
970 2489 1106 2573 longum
1125 2506 1158 2556 25

87 2597 227 2642 coronae
264 2577 423 2641 ambitum
461 2578 649 2641 extenuaret
689 2577 844 2642 hostilem
880 2577 1106 2662 frequentiam,

88 2687 218 2751 quaque
240 2665 400 2730 rarissimi
424 2665 612 2748 obstabant,
638 2666 753 2748 erupit.

157 2755 209 2820 24.
231 2753 412 2838 Iphicrates
431 2754 466 2819 in
481 2752 631 2839 Thracia,
648 2776 721 2819 cum
740 2754 892 2838 depresso
912 2755 984 2820 loco
1000 2759 1107 2821 castra

87 2842 262 2928 posuisset,
282 2844 483 2927 explorasset
502 2847 610 2908 autem
630 2845 671 2908 ab
690 2843 786 2908 hoste
805 2844 987 2927 proximum
1002 2845 1106 2910 teneri

161 3006 177 3054 2
197 2999 240 3056 cl.
259 3000 339 3069 ΗΡΙ
356 3006 373 3055 4
392 2999 541 3055 cauillatos
561 3000 631 3067 HP,
650 3016 698 3055 cm.
717 3001 777 3056 edd.
797 2997 940 3054 cauillatis
958 2999 997 3071 d}
1021 3003 1037 3052 5
1056 3018 1105 3055 an-

87 3073 187 3143 gustas
203 3071 237 3126 H
249 3071 254 3141 Ι
275 3078 290 3125 6
305 3071 377 3127 obiit
390 3071 425 3125 H
437 3076 441 3137 Ι
459 3072 601 3140 ἵτθΗᾳιιίε
612 3072 652 3140 Η,
665 3073 712 3127 scd
726 3091 739 3126 s
754 3073 786 3126 iu
798 3087 853 3126 ras.
868 3072 989 3126 ducrum
1003 3072 1083 3126 racc
1098 3071 1103 3144 Ι

87 3150 103 3200 8
120 3141 258 3213 Spatacus
272 3142 307 3197 H
319 3144 323 3212 Ι
344 3148 359 3197 9
379 3158 511 3212 pecorum
531 3159 641 3212 quoque
655 3144 690 3197 H
692 3144 726 3211 P,
745 3159 793 3198 ern.
807 3142 846 3210 dl
871 3148 902 3196 11
923 3141 1021 3196 besbio
1035 3143 1069 3195 H
1071 3143 1105 3211 P,

86 3231 136 3270 ena
158 3213 228 3269 Oud.
252 3213 375 3269 Vesuuio
395 3215 454 3270 cdd.
478 3215 482 3284 l
509 3220 541 3270 12
561 3217 622 3269 erat
640 3216 725 3283 atque
744 3215 864 3282 ideoque
882 3213 927 3267 H.-
945 3214 980 3281 cf.
999 3230 1028 3268 u.
1042 3217 1079 3269 19
1100 3215 1103 3287 l

85 3285 207 3357 uimine]
221 3285 280 3341 uite
290 3285 463 3341 Freiusteim
476 3287 535 3341 coll.
546 3285 625 3341 Flor.
637 3290 663 3351 3,
673 3289 754 3352 20,4.
772 3284 850 3340 Plut.
863 3283 981 3341 Graea9
998 3288 1002 3355 Ι
1020 3291 1053 3339 13
1064 3285 1105 3340 di-

85 3357 189 3412 missus
199 3356 235 3412 H
246 3359 251 3425 Ι
269 3361 302 3411 14
316 3356 442 3426 glodium
452 3357 487 3413 H
502 3357 629 3426 gladium
639 3357 675 3423 P,
689 3373 736 3411 em.
748 3357 824 3411 Mod.
842 3361 846 3421 Ι
864 3362 896 3410 17
912 3355 974 3412 aP.
987 3357 1057 3412 Oud.
1072 3373 1106 3414 ec

85 3428 155 3484 Lau.
165 3432 211 3484 96.
230 3428 306 3483 Plut.
323 3427 440 3484 Oresa9
459 3429 502 3483 ab.
513 3426 543 3482 L.
553 3429 588 3482 H
602 3429 658 3483 abl.
673 3428 718 3498 ΡΙ
734 3431 865 3496 proco'r'r's'.
881 3428 916 3482 H
919 3428 947 3481 P
961 3428 965 3497 Ι
983 3434 1016 3482 12
1032 3444 1106 3482 crec-

85 3503 148 3555 tam
159 3499 195 3554 H
208 3502 212 3568 Ι
228 3501 313 3568 atque
327 3515 377 3554 om.
388 3499 433 3555 H:
447 3500 480 3566 cf.
492 3505 568 3555 u.12
584 3501 589 3568 1
610 3506 644 3555 20
659 3497 804 3553 strationis
820 3500 857 3566 (rs
870 3515 904 3554 ecc
914 3515 943 3552 es
958 3502 1040 3566 corr.)
1052 3499 1087 3554 H
1097 3499 1105 3600 l

86 3577 122 3627 28
137 3571 209 3628 idem
223 3571 565 3642 fereexcmplum2‚12,4
582 3574 585 3637 Ι
607 3576 641 3624 29
660 3572 755 3625 autem
770 3602 803 3611 —
818 3568 921 3640 teneri]
937 3575 972 3624 au
986 3570 1047 3624 neri
1061 3571 1096 3624 H
