2392 3944
433 177 543 235 ursas
560 179 595 233 11.
623 178 700 234 ons.
721 187 745 235 1.
1050 183 1090 247 41

10 368 42 410 r:
69 343 181 410 defixa
217 346 327 408 tenere
363 342 432 426 pila
468 343 582 407 iussit:
624 346 692 407 tum
726 344 915 410 anhelantes
957 345 1093 431 integris

10 442 40 521 :p
68 432 201 498 uiribus
226 430 385 496 exercitus
409 430 458 496 sui
482 431 654 516 adgressus
679 433 807 497 auertit.

12 548 30 601 ,ς
141 521 172 586 8.
196 518 317 586 Fabius
336 517 498 584 Maximus
521 541 587 584 non
609 521 757 605 ignarus,
780 521 892 588 Gallos
916 526 949 587 et
967 521 1093 588 Samni-

65 614 122 677 tes
146 609 256 695 primo
278 609 403 692 impetu
424 609 627 694 praeualere,
652 631 784 675 suorum
806 615 915 676 autem
937 612 1093 696 infatiga-

10 724 18 755 ÷
65 699 156 766 biles
181 697 318 782 spiritus
336 697 422 762 inter
440 719 548 762 moras
569 697 754 763 decertandi
773 700 871 764 etiam
890 701 1127 785 incalesceret

65 787 250 873 imperauit
276 786 450 871 militibus,
483 788 628 852 contenti
657 787 763 871 primo
792 808 969 872 congressu
997 790 1093 854 susti·

17 932 23 943 .
67 897 154 943 nere
176 874 306 941 hostem
330 897 422 940 mora
444 875 637 959 fatigarent:
662 876 747 959 quod
770 877 826 940 ubi
848 877 1015 958 successit,
1040 878 1093 941 ad-

68 968 165 1033 moto
200 964 300 1030 etiam
333 963 478 1031 subsidio
512 964 578 1028 suis
610 965 647 1028 in
679 964 785 1048 prima
817 965 899 1050 acie,
930 965 1092 1030 uniuersis

67 1053 201 1121 uiribus
225 1074 415 1137 oppressum
438 1053 524 1118 fudit
546 1052 684 1118 hostem.

140 1143 171 1208 9.
194 1141 366 1227 Philippus
391 1140 432 1207 ad
451 1139 670 1207 Chaeroniam
693 1164 830 1227 memor,
853 1143 916 1208 sibi
939 1164 1009 1208 esse
1033 1143 1092 1207 mi·
1113 1163 1145 1212 10

67 1231 168 1297 litem
187 1230 287 1316 longo
301 1252 363 1295 usu
378 1229 539 1314 duratum,
552 1229 809 1297 Atheniensibus
829 1254 935 1297 acrem
954 1232 1092 1316 quidem,

72 1319 133 1387 sed
156 1319 405 1385 inexercitatum
429 1323 461 1384 et
484 1320 518 1383 in
541 1319 665 1403 impetu
688 1324 817 1385 tantum
841 1322 1031 1406 uiolentum,
1054 1342 1092 1385 ex

68 1408 236 1475 industria
262 1408 420 1492 proelium
448 1409 563 1474 traxit:
595 1431 734 1494 moxque
766 1409 997 1495 languentibus
1025 1410 1092 1474 iam

68 1496 332 1564 Atheniensibus
351 1497 544 1562 concitatius
564 1497 676 1562 intulit
695 1498 788 1583 signa
808 1503 841 1563 et
858 1500 948 1583 ipsos
968 1498 1092 1564 cecidit.

143 1586 195 1652 10.
218 1582 466 1652 Lacedaemonii
486 1587 639 1652 certiores
659 1587 700 1652 ab
720 1588 979 1671 exploratoribus
1002 1587 1091 1665 facti,
1111 1605 1143 1654 15

69 1673 253 1740 Messenios
267 1675 302 1739 in
316 1696 389 1740 eam
405 1675 561 1740 exarsisse
579 1676 713 1758 rabiem,
730 1680 767 1739 ut
785 1677 820 1739 in
838 1677 998 1759 proelium
1018 1697 1091 1740 cum

71 1763 267 1848 coniugibus
287 1783 325 1828 ac
343 1763 454 1828 liberis
470 1763 709 1848 descenderent,
727 1784 873 1848 pugnam
886 1764 1090 1828 distulerunt.

142 1853 195 1918 11.
220 1849 253 1917 Ο.
268 1848 389 1917 Caesar
408 1852 492 1917 bello
511 1852 609 1934 ciuili,
627 1874 701 1917 cum
718 1853 894 1917 exercitum
908 1851 1039 1916 Afranii
1059 1855 1091 1916 et

70 1940 183 2006 Petrei
198 1940 478 2006 circumuallatum
494 1941 550 2007 siti
564 1944 700 2024 angeret
715 1941 808 2026 isque
824 1942 865 2006 ob
884 1941 946 2005 hoc
961 1962 1090 2024 exaspe-

69 2029 353 2095 ratusinterfectis
361 2029 511 2095 omnibus
522 2029 751 2114 inpedimentis
761 2029 800 2094 ad
810 2050 955 2115 pugnam
963 2029 1089 2094 descen·
1109 2049 1143 2098 20

71 2118 191 2200 disset,
220 2119 381 2184 continuit
403 2140 495 2203 suos,
523 2119 699 2183 arbitratus
724 2119 866 2183 alienum
889 2116 1090 2182 dimicationi

69 2213 217 2292 tempus,
241 2207 328 2291 quod
347 2207 550 2272 aduersarios
569 2208 617 2271 ira
636 2211 669 2271 et
689 2207 872 2291 desperatio
896 2206 1090 2273 incenderet.

143 2296 194 2360 12.
221 2293 278 2362 On.
296 2295 484 2381 Pompeius,
506 2295 686 2381 fugientem
708 2295 933 2362 Mithridatem
957 2297 1090 2380 cupiens

70 2385 114 2451 ad
145 2385 308 2470 proelium
344 2385 552 2469 compellere,
590 2385 691 2470 elegit
727 2390 857 2470 tempus
891 2385 1091 2450 dimicationi

69 2479 284 2557 nocturnum,
307 2475 345 2539 ut
368 2474 501 2539 abeunti
525 2495 559 2540 se
583 2480 776 2559 opponeret:
809 2477 905 2558 atque
928 2475 976 2540 ita
999 2496 1090 2558 prae·
1110 2491 1142 2540 25

10 2606 15 2615 ·
68 2565 208 2648 paratus
233 2562 377 2627 subitam
403 2563 554 2628 hostibus
578 2563 805 2629 necessitatem
829 2562 1020 2629 decernendi
1043 2563 1090 2628 in·

69 2650 160 2717 iecit.
204 2654 373 2736 praeterea
401 2652 447 2717 sic
476 2651 647 2718 constituit
676 2652 792 2736 aciem,
819 2656 856 2717 ut
882 2652 1091 2719 Ponticorum
1189 2670 1192 2677 ’

69 2739 207 2825 quidem
225 2740 336 2806 oculos
356 2739 491 2806 aduersa
509 2741 587 2806 luna
604 2742 872 2827 praestringeret,
894 2743 962 2807 suis
982 2745 1091 2806 autem

69 2829 247 2895 inlustrem
271 2832 305 2893 et
328 2829 536 2914 conspicuum
559 2830 729 2913 praeberet
751 2830 889 2896 hostem.

142 2917 195 2983 13.
224 2916 418 3002 Iugurtham
442 2922 583 3002 constat,
611 2940 788 2984 memorem
817 2919 949 2984 uirtutis
974 2917 1090 2983 Roma·
1109 2934 1144 2983 30

146 3062 161 3111 1
183 3055 275 3111 defixa
292 3057 336 3124 H,
354 3057 401 3112 sed
419 3072 437 3110 a
454 3058 487 3113 iu
503 3072 559 3112 ras.
579 3057 696 3126 (defixos
715 3056 743 3125 ,9)
766 3059 770 3125 Ι
791 3055 989 3112 anhelantesd
1007 3056 1092 3110 anhe-

68 3130 180 3184 lantem
190 3126 225 3181 H
228 3127 257 3181 P
270 3130 275 3196 Ι
291 3133 307 3182 3
323 3126 445 3200 Ἑα)))11ιιε
459 3131 490 3196 (u
503 3144 584 3184 masa
597 3127 625 3197 ,9)
643 3128 751 3184 maxius
762 3128 797 3182 H
808 3133 871 3181 ante
884 3144 953 3183 corr.
971 3130 974 3197 Ι
991 3133 1007 3181 6
1027 3143 1091 3181 con·

68 3199 189 3270 temptis
200 3198 247 3269 ΡΙ
264 3205 280 3254 '1
294 3199 327 3254 ut
339 3199 451 3254 hostem
467 3199 515 3268 ΡΙ
536 3206 552 3255 8
572 3199 638 3267 suis,
657 3200 687 3254 in
722 3198 803 3252 .acie
822 3197 898 3253 uniu.
915 3199 1092 3268 distiapuuut

68 3272 147 3328 edas
167 3271 276 3326 correxi
293 3271 353 3327 coll.
371 3270 438 3325 Liu.
459 3274 503 3338 10,
516 3275 566 3339 29,
581 3276 599 3326 5
614 3271 619 3340 1
637 3276 669 3323 11
681 3217 832 3341 lituratum
853 3272 883 3337 (a
898 3286 978 3326 crasa
992 3269 1019 3338 ,9)
1035 3270 1070 3323 H
1086 3268 1089 3334 Ι

69 3347 105 3398 12
119 3340 292 3398 inexercitus
309 3344 370 3397 tum
385 3341 429 3396 Ηι
454 3343 459 3411 l
483 3341 514 3396 in
532 3341 640 3412 impetu
660 3343 679 3397 d
696 3341 725 3395 in
739 3340 862 3409 impetus
876 3341 911 3394 H
925 3341 1048 3412 impetus
1066 3339 1094 3394 P

66 3413 182 3484 impetu
201 3413 260 3469 edd.
277 3415 282 3482 Ι
301 3411 470 3468 uiolentiam
483 3412 520 3468 H
532 3415 537 3483 Ι
559 3418 591 3467 16
610 3415 643 3467 ut
660 3411 799 3483 proelium
814 3410 855 3477 H,
872 3412 919 3467 sed
937 3415 969 3467 ut
986 3414 1019 3467 iu
1036 3426 1090 3467 roo.

66 3484 112 3551 (in
127 3483 157 3553 ,9)
175 3484 195 3539 b
210 3486 215 3552 l
232 3487 265 3539 18
286 3484 313 3540 G.
333 3500 383 3540 om.
394 3483 429 3538 H
442 3487 446 3552 Ι
471 3489 505 3539 22
526 3499 581 3555 quo
595 3485 615 3540 d
631 3487 635 3552 Ι
656 3486 685 3538 et
702 3482 746 3537 ira
765 3484 793 3538 et
812 3484 831 3538 d
847 3485 851 3552 Ι
866 3481 1031 3538 incenderat
1044 3481 1089 3551 Pl

69 3561 107 3610 25
126 3553 245 3610 adeunti
264 3554 294 3609 P
314 3558 318 3624 Ι
344 3560 379 3609 30
397 3554 562 3626 Iugurtham
582 3557 677 3611 autem
696 3556 843 3610 constatd
