2400 3944
397 176 507 233 LIBER
526 178 560 234 ll.
587 178 665 235 GAP.
684 185 709 235 3.
1019 182 1062 247 49

38 340 226 408 certamine
259 338 382 404 diduxit
413 339 544 406 ordines
577 340 655 426 <et>
688 364 708 407 a
740 344 897 411 lateribus
931 345 1064 411 circum-

42 433 166 496 uentos
189 450 245 494 eos
267 426 361 494 fudit.
860 454 878 483 ο

116 517 169 583 13.
182 514 323 583 Gastron
335 516 620 602 Lacedaemonius,
634 539 707 584 cum
722 519 785 602 [in]
801 521 923 587 auxilio
933 522 1064 607 Aegyp-

41 605 102 672 tiis
127 605 281 671 aduersus
300 604 416 671 Persas
439 606 585 672 uenisset
608 610 641 671 et
663 608 772 693 sciret,
797 609 972 676 firmiorem
992 633 1063 677 esse

44 694 210 761 Graccum
238 693 376 760 militem
404 695 572 780 magisque
595 718 615 760 a
638 695 745 762 Persis
772 697 894 783 timeri,
921 714 1098 765 commu-c

44 783 130 850 tatis
153 782 253 849 armis
272 781 414 848 Graecos
437 782 472 848 in
495 783 601 867 prima
624 785 734 868 posuit
757 786 826 851 acie
849 793 896 871 et,
920 809 992 853 cum
1016 788 1065 853 illi

45 890 152 956 aequo
165 869 272 936 Marte
290 875 484 958 pugnarent,
503 872 655 937 submisit
667 874 905 959 Aegyptiorum
919 897 1064 942 manum:

44 960 168 1027 Persae
191 982 264 1025 cum
288 959 433 1041 Graecis,
456 982 537 1044 quos
555 961 738 1046 Aegyptios
762 963 993 1048 opinabantur,
1016 985 1065 1029 re·

46 1048 228 1131 stitissent,
255 1048 503 1132 superueniente
531 1050 753 1135 multitudine,
781 1074 878 1138 quam
905 1056 943 1117 ut
965 1052 1064 1118 Grae·

46 1158 162 1204 corum
186 1141 398 1221 expauerant,
422 1140 598 1202 cesserunt.
1086 1157 1117 1207 10

119 1227 170 1292 14.
199 1222 257 1290 Gn.
279 1224 454 1309 Pompeius
476 1227 512 1291 in
534 1224 693 1311 Albania,
720 1228 796 1311 quia
819 1228 930 1294 hostes
954 1235 987 1294 et
1008 1253 1065 1295 nu·
1143 1224 1145 1230 ’

47 1335 140 1380 mero
163 1316 197 1379 et
215 1314 363 1399 equitatu
387 1315 634 1400 praeualebant,
655 1317 747 1381 iuxta
769 1317 884 1382 collem
908 1319 943 1383 in
967 1340 1065 1404 angu-

48 1403 123 1468 stiis
153 1405 325 1489 protegere
357 1404 483 1488 galeas,
519 1425 559 1468 ne
595 1404 724 1490 fulgore
756 1427 866 1472 earum
900 1408 1065 1493 conspicui

47 1490 180 1575 fierent,
213 1491 310 1556 iussit
339 1492 522 1577 <pedites>,
553 1493 678 1577 equites
710 1493 826 1560 deinde
859 1495 895 1559 in
927 1517 1065 1580 aequum

48 1579 224 1666 procedere
243 1601 281 1646 ac
299 1581 391 1646 uelut
408 1580 620 1665 praetendere
638 1582 815 1668 peditibus,
838 1585 1066 1669 praecepitque
1086 1600 1119 1649 ro

49 1669 111 1753 eis,
144 1673 181 1734 ut
210 1669 250 1734 ad
276 1669 417 1753 primum
444 1670 603 1754 impetum
634 1671 779 1736 hostium
810 1672 995 1758 refugerent
1025 1677 1067 1757 et,

51 1758 151 1823 simul
175 1757 215 1823 ad
239 1757 365 1842 pedites
389 1761 523 1823 uentum
547 1762 646 1844 esset,
672 1760 707 1823 in
729 1760 833 1824 latera
855 1760 1067 1826 discederent:

51 1845 137 1931 quod
156 1845 213 1911 ubi
234 1846 421 1931 explicitum
440 1851 499 1931 est,
518 1846 682 1931 patefacto
701 1847 773 1912 loco
794 1849 902 1914 subita
920 1848 1067 1932 peditum

50 1934 253 2000 consurrexit
275 1935 360 2000 acies
383 1935 591 2019 inuectosque
613 1939 734 2001 temere
762 1935 873 2002 hostes
897 1937 1067 2021 inopinato

49 2022 212 2089 interfusa
233 2024 357 2107 proelio
381 2023 506 2089 occidit.
1086 2042 1120 2090 ao

120 2112 171 2177 15.
194 2111 237 2178 M.
252 2111 418 2177 Antonius
437 2112 591 2178 aduersus
605 2111 758 2195 Parthos,
777 2113 832 2197 qui
846 2113 975 2178 infinita
988 2115 1067 2178 mul·

50 2200 190 2266 titudine
204 2200 400 2286 sagittarum
416 2202 592 2266 exercitum
611 2202 679 2266 eius
695 2202 886 2287 obruebant,
900 2202 1068 2268 subsidere

51 2310 128 2355 suos
157 2293 190 2354 et
212 2289 409 2354 testudinem
435 2290 543 2354 facere
571 2291 681 2356 iussit:
710 2313 810 2375 supra
836 2313 934 2374 quam
961 2295 1068 2357 trans-

52 2377 163 2533 misslip3
185 2377 566 2533 ngittiibslneadmssitum
577 2401 670 2533 §sque
689 2378 937 2532 exhaustupfpist
954 2380 1069 2446 hostis.

166 2519 172 2532 .
235 2487 357 2533 annua
440 2488 553 2532 uersus
600 2490 628 2533 cr
652 2490 761 2533 ionem
783 2490 818 2533 1n
916 2491 954 2534 ca
996 2490 1069 2534 cum
1088 2483 1123 2532 aa

52 2555 189 2621 haberet
217 2556 395 2622 exercitum
419 2577 458 2621 ex
481 2555 599 2622 Poenis
622 2492 655 2620 ab
679 2557 905 2642 auxiliaribus,
933 2519 1068 2641 qdorum

54 2665 130 2730 pars
157 2664 225 2710 non
253 2645 360 2709 solum
388 2667 428 2710 ex
455 2645 591 2710 diuersis
619 2645 782 2730 partibus,
814 2647 871 2711 sed
903 2646 1002 2711 etiam
1030 2668 1069 2711 ex

52 2732 176 2798 Italicis
195 2735 377 2815 constabat,
395 2738 471 2818 post
490 2732 681 2819 elephantos
695 2732 825 2818 LXXX,
839 2734 895 2819 qui
913 2735 949 2798 in
965 2736 1070 2818 prima

52 2821 162 2887 fronte
185 2822 287 2906 positi
309 2822 453 2888 hostium
473 2823 645 2888 turbarent
663 2823 779 2906 aciem,
803 2823 977 2888 auxiliares
996 2821 1069 2887 Gal·

126 2986 141 3033 1
160 2978 279 3034 deduxit
297 2979 332 3033 H
353 2982 358 3047 Ι
384 2982 413 3033 et
430 2979 533 3035 adda
556 2980 561 3047 1
590 2985 606 3034 3
627 2978 789 3034 Castronius
809 2978 911 3045 0HP,
933 2993 1003 3033 corr.
1020 2976 1070 3033 Oa·

53 3050 131 3106 acub.
146 3066 180 3105 cc
192 3050 325 3121 Polyacn.
336 3054 412 3117 2,16
428 3053 432 3115 Ι
448 3049 478 3105 in
494 3051 544 3106 del.
557 3050 641 3105 Talea.
660 3049 691 3104 in
710 3048 845 3104 auxilium
863 3050 922 3105 cdd.
939 3050 944 3117 Ι
960 3053 976 3103 b
995 3049 1071 3120 aP.]

52 3136 150 3191 persas
170 3120 206 3175 H
221 3121 226 3192 l
249 3127 265 3176 8
285 3123 315 3175 ct
333 3138 396 3175 cum
410 3121 445 3175 H
462 3125 466 3188 Ι
491 3126 508 3176 9
528 3121 769 3191 superuenientem
787 3117 998 3175 multitudinem
1013 3119 1048 3174 H
1068 3121 1071 3190 Ι

54 3197 85 3247 11
107 3193 138 3247 et
155 3208 183 3245 n.
203 3191 243 3264 et]
263 3193 407 3247 innumero
426 3194 445 3247 d
465 3195 470 3258 Ι
495 3195 525 3247 et
541 3193 668 3261 peditum
685 3208 801 3247 numero
821 3191 922 3248 Hartcl
942 3193 946 3260 Ι
972 3196 1006 3245 14
1024 3207 1072 3262 pe·

52 3262 128 3318 dites
141 3263 232 3333 suppl.
249 3263 337 3319 Oud:
354 3263 389 3330 cf.
400 3279 430 3333 p.
446 3266 492 3330 47,
502 3266 554 3330 22;
572 3281 611 3319 an
627 3265 685 3331 fuit
702 3263 732 3318 in
750 3262 888 3334 angustiis
906 3260 1072 3337 <subsidere

51 3332 166 3404 pedites
181 3337 210 3389 et
224 3332 333 3408 scutis>
346 3337 494 3418 protegere
509 3366 542 3375 -
558 3335 653 3403 iussit,
668 3335 776 3404 equites
790 3335 848 3391 coll.
858 3333 946 3390 Dion.
956 3335 1051 3401 324?
1068 3335 1071 3407 l

53 3410 88 3460 15
107 3405 227 3474 praeterr
240 3405 276 3460 H
277 3405 285 3438 ¹
301 3407 305 3474 l
324 3412 356 3461 18
371 3404 534 3475 explicitum
549 3406 608 3461 cdd.
628 3406 802 3475 displicitum
812 3406 847 3460 H
849 3406 877 3460 P
910 3411 945 3461 24
960 3408 1073 3461 exustus

52 3475 90 3533 H
110 3478 117 3558 l
142 3481 176 3530 27
190 3475 333 3557 partibus]
352 3476 464 3547 populis
481 3477 567 3532 Ded:
586 3494 625 3531 aa
643 3476 803 3547 gentibus?
822 3478 858 3544 cf.
905 3479 938 3533 ’1.
953 3481 999 3545 30,
1014 3477 1070 3548 354

52 3552 89 3602 28
107 3545 216 3601 atalicrs
236 3547 288 3615 (cis
306 3549 338 3602 ia
356 3564 412 3603 roe.
426 3548 455 3615 b)
471 3547 506 3602 H

108 3645 251 3688 reomaus
265 3646 301 3688 ad.
314 3645 483 3688 Gundermann.
896 3642 914 3690 4
