2400 3944
146 190 209 255 138
345 188 420 245 IULI
438 188 613 243 raonem
632 187 957 244 STRATEGEMATON

144 355 334 436 citauerunt,
353 351 493 435 speciem
512 351 624 436 magni
643 350 807 436 sequentis
826 350 987 416 exercitus
1008 355 1148 437 moueret,

144 442 234 507 cuius
259 441 500 524 exspectatione
524 440 675 504 territum
698 439 778 504 uicit
800 440 938 506 hostem.
1190 444 1192 515 f

212 531 263 594 21.
310 528 495 613 Myronides
535 528 747 593 Atheniensis
789 529 945 593 aduersus
988 528 1148 595 Thebanos
1190 524 1192 551 ⁵

145 619 291 703 equitatu
314 618 543 701 praeualentes
566 621 769 702 pugnaturus
787 617 821 682 in
840 617 965 702 campis
990 640 1067 683 suos
1090 618 1150 683 edo

106 725 124 773 e
144 709 210 772 cuit
229 709 435 772 manentibus
455 727 526 770 esse
547 727 637 788 spem
659 706 803 790 aliquam
822 706 947 787 salutis,
971 707 1148 773 cedentibus

144 799 251 860 autem
271 796 469 879 pernici<em
484 794 736 874 cer>tissimamz
759 816 823 878 qua
840 795 968 860 ratione
993 796 1151 861 confirma·

142 885 186 948 tis
209 884 367 948 militibus
390 883 561 948 uictoriam
585 888 776 947 consecutus
801 887 860 948 est.

208 974 260 1037 22.
293 971 328 1038 G.
352 972 501 1036 Pinarius
525 972 559 1036 in
583 970 693 1035 Sicilie
715 972 877 1056 praesidio
901 970 1039 1036 Hennae
1069 994 1149 1058 prae·

142 1062 283 1146 positus,
316 1062 423 1125 claues
451 1063 620 1145 portarum
650 1081 730 1143 quas
758 1081 856 1144 penes
885 1081 919 1124 se
942 1059 1091 1126 habebat
1110 1082 1150 1126 re

89 1168 124 1216 10
142 1148 353 1232 poscentibus
372 1148 618 1233 magistratibus
631 1146 865 1231 Hennensium,
884 1148 972 1233 quod
992 1153 1149 1234 suspectos

143 1259 198 1303 eos
222 1242 389 1321 tamquam
412 1238 641 1303 transitionem
659 1237 698 1301 ad
718 1235 860 1302 Poenum
883 1241 1042 1321 pararent
1064 1239 1150 1304 hehe·

142 1325 212 1409 bat,
235 1326 330 1410 petiit
348 1326 442 1391 unius
460 1326 566 1391 noctis
590 1325 631 1390 ed
653 1325 920 1392 deliberationem
942 1327 1088 1411 spatium
1113 1327 1150 1392 in·

142 1414 311 1499 dicataque
335 1415 494 1479 militibus
517 1414 630 1479 froude
650 1413 857 1499 Graecorum,
881 1436 954 1480 cum
977 1416 1150 1502 praeeepis·

143 1507 201 1587 set,
224 1507 261 1568 ut
284 1503 392 1586 parati
415 1507 546 1587 postera
569 1503 619 1567 die
639 1502 769 1588 signum
794 1507 1031 1587 exspectarent,
1055 1507 1148 1589 prima

88 1611 123 1658 15
143 1592 214 1657 luce
237 1592 469 1657 adsistentibus
489 1591 647 1656 militibus
666 1591 867 1655 redditurum
885 1613 920 1656 se
933 1593 1051 1658 ⁸claues
1070 1593 1148 1676 dixit,

142 1682 170 1744 si
198 1681 282 1745 idem
311 1703 422 1745 omnes
449 1679 640 1744 Hennenses
668 1681 882 1744 censuissent:
915 1681 958 1745 ob
989 1703 1064 1746 eam
1087 1703 1148 1746 cau·

142 1791 212 1834 sam
242 1770 393 1834 uniuersa
423 1768 631 1833 multitudine
659 1772 838 1833 conuocato
865 1769 900 1833 in
927 1769 1094 1835 theatrum
1120 1773 1147 1834 et

141 1858 225 1922 idem
249 1858 434 1941 flagitante,
457 1856 631 1921 manifesta
654 1856 821 1922 deficiendi
844 1858 1032 1944 uoluntate,
1064 1861 1146 1945 signo

141 1946 299 2011 militibus
323 1946 400 2010 dato
424 1947 593 2012 uniuersos
616 1944 808 2011 Hennenses
832 1946 955 2011 cecidit

85 2051 121 2100 ‘20
207 2036 260 2101 23.
293 2033 472 2117 Iphicrates
505 2035 569 2099 dux
599 2035 849 2100 Atheniensium
888 2036 1028 2101 classem
1066 2057 1146 2102 suam

139 2123 254 2188 hostili
271 2124 387 2188 habitu
405 2123 561 2188 instruxit
575 2127 607 2188 et
627 2124 667 2188 ad
689 2146 745 2189 eos
764 2145 845 2208 quos
864 2128 1035 2208 suspectos
1059 2125 1147 2190 hebe-

139 2212 198 2276 bat
210 2213 368 2294 inuectus,
392 2234 464 2277 cum
480 2212 580 2277 effuso
600 2213 707 2277 studio
726 2213 937 2297 exciperetur,
957 2213 1147 2299 deprehensa

139 2321 250 2365 eorum
273 2301 409 2384 perfidia
433 2301 587 2386 oppidum
611 2301 753 2385 diripuit

206 2390 258 2453 24.
291 2390 339 2455 Ti.
366 2388 544 2473 Gracchus,
577 2412 648 2455 cum
680 2389 835 2455 edixisset
862 2391 1023 2473 futurum,
1052 2395 1090 2456 ut
1114 2410 1146 2454 ex
1190 2456 1192 2463 ,

84 2493 120 2542 ao
139 2476 295 2542 uolonum
327 2499 461 2543 numero
492 2477 633 2543 fortibus
666 2478 853 2543 libertatem
882 2479 988 2563 daret,
1017 2480 1146 2564 ignauos

139 2566 288 2630 crucibus
312 2566 480 2650 adfigeret,
503 2571 536 2631 et
561 2570 714 2651 quattuor
738 2567 829 2632 milia
853 2589 891 2632 ex
913 2568 981 2652 his,
1007 2568 1085 2653 quia
1106 2589 1147 2632 se·
1190 2578 1192 2585 '

139 2655 233 2738 gnius
257 2659 491 2739 pugnauerant,
515 2662 604 2719 metu
627 2677 750 2739 poenae
764 2657 799 2720 in
812 2656 972 2741 quendam
992 2657 1148 2721 munitum

138 2743 254 2808 collem
278 2743 431 2828 coissent,
454 2743 544 2808 misit
567 2744 623 2829 qui
646 2744 692 2808 eis
716 2744 859 2809 dicerent
882 2748 990 2810 totum
1014 2745 1080 2810 sibi
1102 2767 1147 2810 ex·

209 2924 224 2972 3
243 2917 420 2973 athenienses
437 2916 516 2972 θΗ1
533 2919 537 2986 Ι
555 2923 570 2972 6
584 2917 735 2988 perniciem
751 2917 935 2973 certissimam
949 2918 1078 2975 Eussner
1091 2934 1147 2990 per·

137 2988 350 3044 niciosissimam
361 2989 426 3043 GH
436 2988 700 3058 pernitiosissimum
710 2990 738 3044 P
748 2989 901 3060 perniciem
915 3007 1056 3044 summam
1065 2988 1147 3060 Dea!

137 3065 153 3114 8
174 3058 216 3130 0.]
241 3058 271 3116 L.
291 3061 350 3114 edd.
370 3076 403 3114 es
425 3060 492 3114 In'u.
510 3064 555 3124 24,
574 3064 630 3129 371
652 3061 831 3116 thabebant
851 3059 917 3115 GH
928 3062 933 3130 1
953 3061 1150 3130 reponentibus

139 3129 166 3183 G
186 3133 192 3198 Ι
218 3136 251 3184 11
270 3147 391 3200 poenam
410 3131 445 3185 H
463 3135 467 3200 1
493 3137 526 3184 12
545 3131 629 3200 petiit
649 3133 708 3186 edd.
728 3132 801 3200 petit
820 3131 936 3202 (τἨΡΙ
962 3137 996 3186 15
1015 3132 1151 3188 militibus

136 3203 214 3256 eiecit
227 3203 246 3256 d
260 3200 473 3271 magistratibus
488 3202 558 3257 Ded.
574 3202 671 3257 multis
685 3203 800 3258 Hartcl:
818 3204 864 3257 sed
877 3204 912 3270 cf.
927 3203 993 3257 Diu.
1004 3209 1054 3270 24,
1064 3209 1133 3273 39,1

136 3272 160 3325 si
183 3273 219 3326 H
222 3271 232 3302 ¹
252 3273 257 3341 Ι
284 3278 317 3326 16
340 3274 498 3327 hennenses
520 3272 571 3343 G!
596 3274 771 3329 censuissent
789 3274 824 3327 H
848 3274 1055 3329 consensissent
1074 3277 1130 3332 Ser.

138 3348 171 3395 18
189 3342 337 3412 uoluptate
356 3345 382 3399 G
403 3346 408 3413 1
433 3350 466 3397 19
485 3345 643 3399 hennenses
664 3345 715 3413 Gi
740 3351 773 3399 22
794 3345 931 3415 deprensa
949 3344 984 3399 H
1002 3348 1007 3415 Ι
1031 3351 1070 3401 24
1092 3361 1150 3418 gra·

137 3411 204 3465 chus
225 3412 250 3466 G
272 3417 276 3481 Ι
302 3419 335 3468 26
359 3415 495 3485 adfigeret
517 3419 546 3469 61
569 3416 628 3471 edd.
653 3416 806 3471 adficerent
830 3417 859 3470 et
879 3415 915 3469 H
937 3415 1152 3474 adficerented

136 3483 313 3623 {gfippurptHep
337 3486 365 3539 P
383 3484 388 3556 1
410 3484 455 3539 his
476 3485 542 3540 GH
561 3485 596 3541 lis
615 3487 644 3541 P
663 3488 667 3556 Ι
690 3487 738 3556 qui
756 3489 775 3542 d
796 3489 800 3556 Ι
825 3493 859 3542 27
878 3490 1080 3557 pugnauerunt
1097 3487 1149 3559 Hi
