2400 3944
142 110 206 175 122
343 110 417 167 IULI
436 109 613 166 FRONTINI
634 108 959 167 STRATEGEMATON

139 275 236 340 iussit
254 279 295 356 et,
313 295 408 358 quem
429 274 566 339 occisuri
580 295 639 360 per
651 273 866 360 ignominiam
884 274 998 340 hostes
1017 275 1140 360 fueraut,

140 362 287 446 exemplo
310 364 418 446 potius
441 362 598 446 inpendit

206 453 258 517 34.
291 452 418 537 Appius
447 450 601 517 Claudius
629 473 668 517 cx
695 451 765 536 his,
798 452 854 536 qui
880 453 954 518 loco
982 457 1143 536 cesserant,

139 540 297 605 decimum
331 561 488 625 quemque
520 540 657 605 militem
690 545 777 606 sorte
809 540 943 606 ductum
973 541 1057 607 fusti
1084 564 1143 627 per·

103 631 249 696 boussit.
1188 642 1190 681 :

205 719 256 784 35.
288 717 408 783 Fabius
439 718 554 783 Rullus
587 718 699 783 consul
732 740 769 782 ex
803 717 927 784 duabus
960 719 1145 805 legionibus,

140 829 222 891 quae
237 809 310 873 loco
325 810 497 892 cesserant,
520 811 607 873 sorte
629 806 744 872 ductos
762 806 797 872 in
816 812 991 892 conspectu
1011 808 1144 874 militnm

139 897 242 961 securi
265 896 431 981 percussit.

205 986 257 1051 36.
281 985 433 1068 Aquilius
451 987 561 1050 ternos
581 1006 619 1048 ex
638 984 801 1062 centuriis,
825 1006 962 1068 quarum
986 987 1090 1053 statio
1111 987 1145 1052 cb

86 1089 119 1140 ιο
137 1074 233 1139 hoste
256 1077 412 1158 perrupto
435 1079 518 1158 erat,
540 1073 644 1139 securi
667 1073 833 1157 percussit

205 1163 256 1228 37.
289 1161 332 1227 Μ.
351 1163 526 1246 Antonius,
549 1184 622 1229 cum
641 1182 742 1246 agger
764 1163 806 1227 ab
829 1163 979 1228 hostibus
1005 1164 1149 1230 incensus

138 1254 232 1333 esset,
255 1272 294 1314 ex
316 1249 378 1333 his,
402 1251 458 1334 qui
480 1252 630 1335 inopere
652 1250 789 1334 fuerant,
812 1251 948 1316 duarum
971 1252 1150 1319 cohortium

138 1340 277 1403 militem
305 1339 481 1403 decimauit
507 1342 541 1404 st
568 1341 602 1404 in
631 1340 778 1423 singulos
807 1360 845 1404 ex
872 1341 922 1405 his
948 1343 1150 1408 centuriones

138 1428 375 1509 animaduertit,
398 1428 544 1513 legatum
568 1450 642 1494 cum
661 1429 840 1513 ignominia
863 1428 999 1516 dimisit,
1023 1431 1151 1516 reliquis

86 1531 118 1580 16
139 1538 177 1580 ex
200 1517 328 1602 legione
351 1517 508 1581 hordeum
533 1518 603 1582 dari
627 1518 732 1582 iussit.

204 1607 257 1672 38.
280 1605 318 1670 In
335 1605 508 1691 legionem,
526 1628 609 1691 quae
623 1604 761 1691 Regium
778 1606 933 1692 oppidum
951 1607 1082 1673 iniussu
1096 1609 1149 1673 du·

138 1693 183 1760 cis
207 1693 447 1779 dir<ip>uerat,
475 1695 735 1760 animaduersum
763 1700 813 1760 est
840 1697 905 1779 ita,
933 1700 969 1759 ut
997 1702 1149 1781 quattuor

137 1783 227 1848 milia
254 1783 375 1848 tradita
403 1785 567 1849 custodiae
589 1788 797 1849 necarentur:
826 1789 996 1869 praeterea
1021 1790 1147 1851 senatus

137 1874 284 1938 consulto
318 1878 449 1938 cautum
481 1878 548 1956 est,
579 1895 621 1937 ne
653 1895 749 1956 quem
777 1895 816 1937 ex
849 1872 896 1937 eis
928 1874 1070 1958 sepelire
1100 1875 1147 1940 uel

83 1976 118 2026 2ο
137 1961 247 2046 lugere
270 1961 320 2027 fas
344 1965 439 2026 esset.

203 2051 255 2116 39.
291 2049 328 2114 L.
352 2051 503 2136 Papirius
532 2047 652 2115 Cursor
684 2050 824 2115 dictator
851 2048 989 2115 Fabium
1018 2049 1147 2118 Rullum

136 2140 330 2224 magistrum
344 2141 497 2224 equitum,
512 2139 598 2222 quod
613 2139 785 2204 aduersum
800 2139 940 2204 edictum
955 2138 1024 2204 eius
1039 2162 1149 2224 quam·

135 2228 185 2292 uis
205 2250 357 2313 prospere
375 2233 587 2312 pugnauerat,
609 2228 693 2312 <ad>
708 2228 820 2313 uirgas
838 2227 998 2312 poposcit,
1021 2251 1148 2295 caesum

136 2317 241 2381 securi
264 2338 486 2400 percussurus:
507 2338 567 2382 nec
591 2317 793 2382 contentioni
815 2319 872 2382 aut
894 2316 1046 2402 precibus
1071 2318 1148 2384 mili·

83 2420 117 2469 25
136 2407 207 2469 tum
230 2405 390 2470 concessit
413 2404 726 2470 animaduersionem
755 2427 890 2490 eumque
912 2405 1147 2492 profugientem

135 2491 274 2558 Romam
302 2498 488 2578 persecutus
517 2498 579 2580 est,
611 2517 652 2559 ne
674 2494 721 2559 ibi
748 2494 878 2578 quidem
901 2494 1037 2561 remisso
1062 2496 1147 2580 prius

136 2582 290 2667 supplicii
312 2586 414 2666 metu,
440 2605 538 2667 quam
566 2583 606 2648 ad
634 2604 741 2668 genua
769 2585 837 2648 eius
867 2586 900 2648 et
923 2582 1047 2649 Fabius
1079 2605 1147 2651 cum

206 2780 224 2828 4
242 2774 364 2830 militum
379 2775 423 2830 H¹
438 2777 443 2845 Ι
464 2782 479 2832 7
498 2775 610 2831 uicenos
629 2781 692 2831 orate
710 2777 785 2831 sorte
805 2775 875 2831 Orod.
893 2776 963 2831 mule
980 2776 1103 2833 imcutit
1118 2791 1147 2831 ere

135 2847 180 2902 Io.
194 2845 300 2902 Sorech.
318 2848 528 2914 Policr.6,12:
547 2848 582 2914 cf.
597 2848 689 2916 praef.
707 2847 728 2920 ἕ
743 2852 760 2902 7
776 2848 813 2915 12
832 2846 998 2915 Aquilegius
1019 2845 1048 2901 G
1066 2845 1146 2918 Aqui·

134 2917 192 2972 rius
207 2919 252 2985 ΡΙ
269 2934 386 2987 quarum
399 2919 459 2974 edd.
469 2935 587 2986 quorum
601 2917 742 2987 OGHP!
760 2924 792 2973 11
809 2918 858 2989 Μ.]
873 2919 906 2974 Δ.
921 2917 964 2971 11¹
979 2919 985 2987 Ι
1002 2934 1073 2987 ager
1085 2917 1128 2974 11¹

136 2994 168 3042 12
189 2989 334 3044 cohortum
355 2990 381 3044 G
401 2991 405 3058 Ι
432 2996 464 3044 13
483 2989 605 3043 militum
623 2990 671 3043 H¹
692 2991 696 3058 l
721 2996 753 3045 16
772 2988 880 3044 iniussu
899 2988 946 3043 Gt
972 2987 1091 3044 iniussit

134 3061 211 3114 iussu
221 3062 259 3115 P:
274 3062 309 3127 of.
317 3060 479 3131 pracs.§11
497 3064 501 3123 Ι
520 3065 551 3113 17
563 3059 688 3116 diruerat
697 3060 763 3116 GH
765 3062 801 3128 P,
813 3077 860 3116 ern.
873 3059 989 3116 camut.
1006 3065 1011 3127 Ι
1028 3059 1100 3117 .ΠΠ.
1112 3065 1145 3117 'm

135 3130 181 3198 G!
203 3137 235 3186 19
255 3137 350 3186 catum
366 3131 391 3186 G
407 3133 412 3200 1
428 3130 541 3202 sepeliri
560 3132 607 3200 ΡΙ
628 3138 660 3186 21
682 3131 849 3187 dictatorem
868 3131 920 3199 ΗΙ
941 3131 1058 3186 Rullum
1079 3133 1146 3189 Osa

133 3201 261 3256 rutilium
282 3203 348 3258 GH
366 3202 483 3258 rutilum
504 3202 532 3255 P
553 3201 714 3258 Rullianum
737 3202 804 3260 Lite.
820 3209 847 3270 8,
861 3206 907 3258 29.
938 3196 1001 3258 Vols
1016 3205 1047 3270 2,
1062 3201 1144 3274 ml

135 3277 168 3326 22
188 3272 312 3328 edictum
327 3275 353 3330 G
371 3273 478 3329 dictum
492 3274 574 3342 ΗΡΙ
590 3279 623 3329 23
643 3275 679 3328 ad
692 3274 787 3344 uirgas
806 3290 856 3329 acc
869 3274 963 3342 uirgas
978 3272 1048 3328 GH
1062 3273 1146 3345 uirgis

137 3343 165 3396 P
183 3343 188 3412 Ι
213 3345 356 3413 poposcit,
381 3361 493 3401 caesum
511 3347 601 3401 securi
619 3347 738 3401 dictiurcs'
760 3346 891 3416 poposcit
910 3360 1035 3415 caesum,
1059 3344 1147 3402 securi

134 3415 193 3469 edd.
210 3415 215 3483 Ι
235 3420 269 3469 25
284 3431 402 3485 cumque
416 3417 468 3486 ΗΙ
488 3423 522 3472 26
540 3416 594 3472 sibi
609 3417 635 3471 G
651 3419 655 3487 Ι
671 3417 798 3473 remissio
814 3417 894 3486 ΗΡΙ
915 3433 966 3472 nec
979 3414 1022 3472 ibi
1034 3417 1146 3487 quidem

134 3484 329 3540 remissionem
347 3486 478 3556 supplicii
495 3486 573 3556 prius
591 3488 695 3544 meruit
712 3505 797 3556 quam
816 3490 835 3544 d
