2400 3944
155 178 196 243 16
357 177 431 234 IULI
450 176 625 233 FRONTINI
648 173 970 231 STRATEGEMATON

153 342 285 406 modum
304 362 403 405 cauae
425 341 521 404 lunae
539 338 631 403 duxit
649 342 682 403 et
700 341 869 403 oneratum
889 339 1036 404 materiis
1061 341 1163 407 incen-

154 432 215 495 dit:
247 433 344 514 atque
371 430 419 494 ita
446 429 585 493 exclusis
613 427 763 492 hostibus
790 427 910 492 flumen
937 428 1041 493 libere
1065 434 1162 496 trans·
1199 481 1200 494 ,

177 540 286 583 ressus
309 521 367 582 est.

154 540 188 651 g·
220 609 251 673 2.
283 604 441 671 Similiter
467 604 638 690 Pelopidas
665 603 838 669 Thebanus
866 604 953 670 bello
980 605 1163 673 Thessalico
1199 659 1200 686 2

118 713 134 762 c
153 695 329 760 transitum
349 694 519 780 quaesiuit.
554 715 694 777 namque
714 695 828 758 castris
848 694 1044 778 ampliorem
1064 697 1164 761 locum

155 806 252 869 supra
275 785 379 868 ripam
403 784 605 867 complexus,
627 782 750 846 uallum
775 782 912 847 ceruolis
933 786 965 846 et
984 784 1051 849 alio
1069 788 1165 850 mate

153 873 220 937 riae
240 894 357 958 genere
373 875 595 939 constructum
609 870 765 935 incendit:
785 870 925 955 dumque
943 872 1079 957 ignibus
1100 874 1164 939 sub

105 982 109 990 ·
155 965 328 1026 mouentur
350 961 477 1045 hostes,
499 961 569 1045 ipse
592 959 726 1023 fluuium
751 960 923 1043 superauit
1146 964 1149 969 '

221 1051 250 1114 3.
275 1050 312 1125 Q.
326 1048 477 1113 Lutatius
492 1046 637 1131 Catulus,
657 1069 729 1112 cum
748 1070 768 1111 a
782 1045 923 1112 Cimbris
942 1049 1058 1133 pulsus
1072 1050 1165 1116 unam

103 1155 136 1204 10
156 1159 246 1222 spem
266 1138 380 1202 salutis
399 1137 544 1219 haberet,
564 1137 593 1201 si
611 1137 731 1200 flumen
749 1137 935 1221 liberasset,
954 1138 1047 1202 ouius
1065 1140 1165 1224 ripam

154 1226 267 1290 hostes
299 1228 468 1309 tenebant,
490 1226 534 1289 in
561 1226 709 1309 proximo
737 1229 847 1290 monte
875 1225 986 1309 copias
1015 1228 1166 1309 ostendit,

153 1317 320 1398 tamquam
349 1314 396 1379 ibi
419 1317 526 1378 castra
548 1313 725 1397 positurus.
771 1335 808 1378 ac
832 1315 997 1397 praecepit
1021 1316 1105 1400 suis,
1130 1336 1165 1381 na

155 1404 297 1467 sarcinas
327 1403 492 1467 soluerent
515 1405 572 1466 aut
595 1424 694 1466 onera
717 1402 916 1486 deponerent
941 1425 1004 1467 neu
1029 1405 1105 1488 quis
1130 1406 1164 1469 ab

155 1491 322 1556 ordinibus
347 1491 513 1576 signisque
537 1489 729 1574 discederet3
761 1495 795 1555 εὴ
822 1513 884 1575 quo
908 1492 1016 1577 magis
1039 1515 1165 1577 persua·

103 1596 135 1645 15
155 1580 279 1644 sionem
316 1579 462 1644 hostium
498 1579 718 1663 confirmaret,
754 1601 858 1663 pauca
891 1580 1106 1648 tabernacula
1137 1584 1166 1648 in

108 1720 111 1725 .
154 1671 328 1753 conspectu
347 1669 429 1753 erigi
447 1668 543 1733 iussit
562 1668 718 1752 ignesque
736 1669 806 1732 fieri
825 1672 858 1732 et
872 1669 1029 1753 quosdam
1045 1671 1165 1736 uallum

155 1761 292 1841 struere,
325 1756 484 1841 quosdam
511 1758 546 1822 in
574 1757 803 1841 lignationem,
835 1761 873 1821 ut
900 1759 1166 1841 conspicerentur,

155 1847 254 1910 exire:
274 1846 360 1930 quod
374 1845 498 1910 Cimbri
516 1867 591 1910 uere
612 1846 666 1930 agi
685 1845 910 1910 existimantes
925 1850 958 1910 et
976 1847 1041 1930 ipsi
1055 1848 1165 1913 castris

154 1934 345 2020 delegerunt
374 1935 481 1999 locum
512 1934 713 2018 dispersique
745 1935 779 1997 in
810 1935 976 2018 proximos
1005 1956 1104 2020 agros
1132 1935 1165 2001 ad

102 2039 135 2088 20
155 2023 372 2107 comparanda
394 2045 444 2108 ea,
468 2045 551 2107 quae
575 2022 737 2087 mansuris
760 2024 944 2087 necessaria
968 2027 1057 2108 sunt,
1082 2047 1165 2091 occa·

155 2113 279 2176 sionem
303 2111 460 2176 dederunt
482 2110 599 2176 Catulo
623 2133 689 2176 non
713 2112 817 2176 solum
845 2112 964 2176 flumen
991 2113 1167 2197 traiciendi,

155 2199 211 2263 sed
235 2201 334 2263 etiam
359 2203 466 2264 castra
490 2222 601 2264 eorum
624 2200 810 2265 infestandi.

221 2289 252 2352 4.
280 2286 435 2372 Croesus,
464 2309 536 2352 cum
559 2287 670 2370 Halyn
698 2288 781 2353 uado
805 2290 945 2353 transire
969 2310 1037 2353 non
1059 2294 1167 2374 posset

155 2398 259 2460 neque
292 2377 425 2440 nauium
458 2380 515 2440 aut
547 2378 658 2458 pontis
690 2377 831 2441 faciendi
864 2379 991 2460 copiam
1028 2378 1168 2461 haberet,

103 2480 136 2530 ‘25
155 2463 245 2529 fossa
268 2465 434 2547 superiore
456 2468 549 2548 parte
573 2468 648 2548 post
672 2470 779 2531 castra
803 2465 940 2531 deducta
963 2468 1093 2532 alueum
1116 2469 1168 2534 flu·

156 2553 237 2617 mini
261 2575 280 2617 a
303 2557 397 2638 tergo
422 2554 582 2618 exercitus
608 2553 657 2618 sui
680 2555 827 2619 reddidit.

223 2641 253 2706 5.
277 2639 334 2706 Cn.
349 2641 524 2726 Pompeius
543 2641 723 2726 Brundisii,
747 2665 820 2707 cum
843 2643 994 2708 excedere
1017 2643 1119 2710 Italia
1140 2647 1170 2709 et

155 2730 333 2795 transferre
357 2730 476 2795 bellum
499 2732 736 2815 proposuisset,
765 2734 908 2796 instante
932 2756 951 2796 a
974 2735 1070 2818 tergo
1095 2732 1169 2800 Cae-

156 2841 227 2883 sare
264 2841 495 2885 conscensurus
533 2821 670 2885 classem
706 2820 863 2904 quasdam
896 2822 1060 2886 obstruxit
1093 2823 1170 2905 uias,

103 2921 137 2974 30
156 2909 238 2974 alias
257 2909 437 2993 parictibus
456 2909 677 2992 intersaepsit,
702 2909 782 2973 alias
802 2908 968 2974 intercidit
986 2908 1086 2975 fossis
1107 2932 1170 2976 eas·

156 3020 215 3079 que
239 2998 373 3063 sudibus
398 2998 512 3063 erectis
534 2998 721 3080 praeclusas
745 2998 871 3082 operuit
892 2998 1050 3072 cratibus,
1073 2999 1171 3065 humo

227 3196 245 3243 4
263 3190 339 3244 bello
354 3191 394 3256 H,
413 3191 459 3245 sed
473 3207 489 3244 o
504 3190 536 3244 ia
548 3205 603 3244 ras.
619 3190 739 3244 duarum
753 3190 805 3245 litt.
822 3191 827 3261 Ι
843 3197 859 3244 6
875 3188 995 3245 ceruulis
1009 3191 1028 3246 b
1044 3194 1047 3260 Ι
1065 3196 1081 3246 9
1098 3173 1186 3263 eym-⁸

156 3259 213 3313 bris
232 3261 265 3313 Η
287 3261 292 3329 Ι
323 3266 355 3314 12
379 3261 418 3315 ibi
442 3262 500 3316 edd.
529 3262 559 3315 in
578 3260 653 3328 ΗΡ,
679 3277 729 3316 om.
749 3262 768 3316 d
792 3263 796 3330 Ι
821 3279 856 3316 ne
879 3277 929 3317 om.
949 3261 994 3316 H¹
1022 3263 1027 3330 Ι
1058 3267 1093 3318 13
1122 3279 1174 3319 neu

157 3329 282 3385 Eussner
300 3347 335 3385 ne
350 3332 436 3399 ΗΡΙ
458 3337 492 3386 14
507 3333 536 3386 εὴ
550 3348 600 3387 om.
611 3332 676 3400 11¹1
701 3337 733 3388 18
749 3333 904 3401 cymbriH
916 3335 921 3402 l
941 3338 976 3388 24
994 3332 1174 3402 habebatH,

157 3403 229 3470 quod
244 3418 296 3471 per
309 3404 488 3472 parenthesin
506 3409 598 3459 tuetur
616 3404 732 3470 Ructat·
751 3405 785 3469 cf.
801 3406 892 3472 praef.
912 3403 933 3474 ἕ
951 3405 1006 3471 121
1030 3409 1064 3460 25
1084 3402 1174 3460 flumi-

157 3471 200 3525 nis
220 3472 251 3526 11
257 3472 291 3539 P,
310 3489 357 3529 cm.
376 3474 498 3543 Hartcll
522 3481 555 3530 27
575 3475 724 3530 excederet
741 3474 823 3543 ΗΡΙ
844 3474 941 3530 italiae
960 3475 1011 3544 ΗΙ
1038 3481 1072 3530 31
1092 3493 1176 3548 prae·

161 3541 264 3615 clusas]
284 3559 323 3598 aa
340 3547 500 3612 praeacutis
519 3546 580 3613 ?cf.
601 3546 675 3602 Ocea
691 3547 716 3602 b.
730 3561 753 3602 c.
769 3551 795 3613 1,
809 3551 849 3602 27
