2400 3944
439 189 550 246 LIBER
567 190 602 246 Il.
631 190 709 248 cAP.
729 197 753 248 ὁ.
1058 192 1097 256 'll

76 356 181 422 sciret
202 353 532 420 Lacedaemoniorum
560 354 673 420 ducem
697 353 897 421 Anaxibium
921 356 1097 422 exercitum

76 445 224 532 pedestri
250 443 368 509 itinere
396 442 525 527 ducere,
554 444 777 508 firmissimam
800 467 933 510 manum
956 445 1098 510 militum

77 533 192 600 eduxit
211 553 229 597 e
246 532 385 598 nauibus
405 532 490 598 etin
508 532 634 597 insidiis
653 534 849 618 conlocauit,
867 556 967 599 naues
988 539 1098 601 autem

78 623 171 690 omni
201 626 371 706 tamquam
403 625 537 688 onustas
570 622 675 687 milite
704 623 815 705 palam
849 623 1098 710 transnauigare

80 712 192 778 iussit:
216 712 264 776 ita
282 731 410 776 securos
431 715 464 777 et
481 711 562 774 nihil
581 715 805 795 exspectantes
823 709 1098 779 Lacedaemonios
1118 730 1134 779 c

80 824 101 866 a
122 805 216 885 tergo
239 799 406 884 ingressus
430 799 547 865 itinere
570 800 733 884 oppressit
753 799 909 884 fuditque.

147 890 200 955 43.
224 886 368 972 Liburni,
387 910 461 953 curn
478 888 602 954 cadosa
619 888 692 953 loca
706 887 918 972 obsedissent,
936 889 1098 972 capitibus

79 981 210 1044 tantum
230 977 448 1042 eminentibus
467 977 564 1041 fidem
582 977 728 1042 fecerunt
750 977 840 1042 hosti
859 978 918 1042 alti
941 977 1040 1042 maria
1060 1001 1098 1044 ac

80 1068 263 1150 triremem,
292 1086 375 1150 quae
408 1085 464 1131 eos
492 1065 763 1151 persequebatur,
796 1066 986 1151 inplicatam
1014 1067 1099 1132 uado

79 1178 116 1222 ce
156 1160 244 1220 runt.
1120 1173 1154 1224 10

115 1178 156 1240 pe
169 1245 223 1309 44.
251 1241 437 1308 Alcibiades
461 1243 525 1308 dux
549 1241 800 1309 Atheniensium
823 1245 858 1308 in
881 1243 1097 1330 Hellesponto

81 1334 238 1399 aduersus
274 1331 459 1397 Mindarum
495 1331 825 1399 Lacedaemoniorum
861 1334 989 1418 ducem,
1026 1356 1098 1400 cum

81 1423 230 1505 amplum
253 1422 428 1486 exercitum
452 1429 484 1485 et
506 1420 615 1505 plures
638 1444 739 1487 naues
762 1423 910 1507 haberet,
933 1427 1028 1489 nocte
1048 1445 1100 1487 ex·

83 1511 202 1595 positis
230 1511 263 1575 in
291 1513 412 1574 terram
439 1508 633 1594 quibusdam
662 1510 804 1575 militum
832 1533 978 1596 suorum,
1005 1515 1099 1594 parte

80 1621 210 1684 quoque
232 1598 367 1664 nauium
389 1604 466 1683 post
490 1599 647 1683 quaedam
675 1601 900 1683 promunturia
928 1600 1099 1684 occultata,
1120 1614 1153 1664 lc

81 1689 151 1772 ipse
167 1709 241 1752 cum
254 1688 368 1771 paucis
387 1687 551 1772 profectus
571 1689 626 1770 ita,
643 1692 680 1752 ut
694 1691 881 1772 contemptu
901 1688 951 1752 sui
970 1689 1098 1753 hostem

79 1777 252 1859 inuitaret,
280 1776 417 1840 eundem
444 1776 671 1861 insequentem
697 1777 797 1860 fugit,
824 1776 926 1840 donec
949 1777 984 1841 in
1007 1798 1099 1859 prae·

79 1868 215 1950 paratas
239 1865 376 1930 insidias
404 1865 606 1950 perduceret:
635 1886 786 1929 auersum
813 1864 928 1929 deinde
952 1869 986 1929 et
1009 1885 1099 1951 egre·

79 1953 225 2019 dientem
246 1953 282 2017 in
304 1956 427 2019 terram
449 1975 507 2039 per
526 1975 594 2037 eos,
618 1975 699 2038 quos
724 1953 765 2017 ad
788 1952 850 2018 hcc
873 1954 981 2038 ipsum
1002 1975 1098 2038 expo-

78 2046 203 2127 suerat,
226 2041 349 2107 cecidit.
1116 2057 1151 2108 1ο

149 2131 203 2198 45.
238 2129 341 2215 Idem,
369 2130 479 2196 nauali
508 2130 634 2214 proelio
662 2130 899 2215 decertaturus,
927 2131 1100 2195 constituit

77 2221 188 2287 malos
212 2219 370 2305 quosdam
392 2219 426 2284 in
449 2219 675 2303 promunturio
698 2219 927 2304 praecepitque
946 2219 998 2284 his
1016 2241 1098 2304 quos

77 2309 128 2375 ibi
151 2308 369 2394 relinquebat,
391 2312 441 2393 ut,
469 2326 542 2372 cum
566 2308 774 2374 commissum
797 2309 957 2393 proelium
981 2309 1098 2375 sensis·

78 2403 168 2482 sent,
199 2398 378 2484 panderent
409 2397 496 2462 uela:
529 2419 592 2482 quo
624 2397 711 2464 facto
738 2403 931 2463 consecutus
965 2401 1028 2482 est,
1060 2403 1098 2463 ut

77 2488 195 2553 hostes
218 2487 315 2552 aliam
338 2487 478 2552 classem
501 2487 535 2549 in
559 2487 716 2551 auxilium
737 2487 767 2551 ei
785 2488 992 2571 superuenire
1013 2487 1097 2552 arbi·
1116 2501 1150 2550 25

77 2576 161 2641 trati
183 2579 395 2642 uerterentur.

149 2665 201 2730 46.
229 2664 383 2730 Memnon
401 2663 548 2730 Rhodius
571 2665 681 2729 nauali
705 2664 843 2749 proelio,
866 2687 939 2731 cum
962 2664 1099 2730 haberet

79 2753 293 2818 ducentarum
315 2753 451 2819 nauium
475 2754 613 2818 classem
637 2756 670 2818 et
689 2752 835 2818 hostium
858 2775 959 2818 naues
984 2754 1113 2818 elicere

155 2929 394 2983 lanaxabinmd
417 2931 421 2995 1
451 2926 517 2981 tin
540 2926 650 2981 insidiis
675 2927 694 2982 le
720 2926 829 2982 insidiis
848 2927 927 2980 H¹P
954 2930 958 2993 1
988 2926 1100 2981 40mni

83 2998 154 3055 Oud.
184 2998 310 3054 omnium
337 2999 401 3054 ΗΡ
423 3000 427 3067 Ι
451 2998 548 3069 palam
571 2997 686 3053 om.H1
710 2998 715 3068 1
745 3004 760 3052 5
783 2996 856 3050 nihil
874 2997 932 3052 tale
949 2997 1020 3052 Ded.
1039 2997 1098 3052 coll.

75 3073 325 3140 p.62,12.67,
349 3074 368 3125 5
393 3075 398 3138 1
420 3068 594 3139 expectantis
614 3069 659 3140 Ρ1
685 3069 869 3138 tadgresaus
886 3067 916 3121 in
935 3067 1074 3124 itinerad

82 3142 225 3196 tuadoso
244 3141 306 3196 loco
326 3141 361 3195 H
373 3143 377 3210 1
398 3146 415 3195 8
433 3143 544 3195 tantum
561 3140 602 3208 H,
619 3141 666 3195 ced
684 3142 733 3194 tan
751 3141 783 3193 iu
801 3155 855 3193 ras.
874 3140 892 3192 h
913 3137 917 3210 1
937 3137 1051 3193 fuerunt

79 3212 176 3268 ferunt
193 3214 211 3268 b
227 3214 231 3280 Ι
248 3219 263 3267 9
283 3229 316 3267 ac
334 3211 479 3267 triremem
499 3211 533 3278 P,
553 3228 603 3266 om.
623 3212 668 3265 H¹
687 3227 719 3265 ac
737 3209 851 3263 trierem
869 3211 907 3273 11
925 3214 959 3264 14
976 3209 1101 3263 interra

79 3284 98 3339 b
114 3285 119 3351 1
137 3289 170 3338 15
189 3283 414 3353 promontoriale
429 3287 434 3354 1
451 3282 547 3337 culata
561 3282 604 3335 H¹
623 3281 716 3337 celata
734 3282 751 3335 1ι
767 3279 771 3352 1
793 3286 826 3335 16
845 3284 1023 3350 contemptus
1042 3281 1077 3334 H
1094 3282 1096 3352 1

81 3360 116 3409 11
134 3353 290 3409 incitarent
315 3354 588 3423 H118aduersnm
608 3353 653 3426 ΡΙ
672 3358 704 3407 19
728 3369 797 3421 quos
821 3366 872 3406 osu.
896 3352 931 3407 H
951 3352 1016 3476 qna
1035 3367 1099 3421 pro-

80 3426 260 3480 monton‘ob
284 3427 288 3495 1
314 3424 442 3495 quaesibi
460 3431 514 3494 (pr.
535 3441 548 3477 s
567 3441 601 3479 ea
619 3429 647 3493 a)
668 3423 712 3478 H1
736 3425 741 3493 1
771 3429 806 3477 13
824 3422 950 3493 relinqua
972 3425 1035 3478 atur
1055 3426 1100 3492 (ur

79 3512 140 3566 cap.
155 3497 186 3565 t)
204 3510 268 3621 qqm
286 3496 321 3551 H
339 3501 344 3566 1
374 3502 408 3551 16
428 3497 622 3551 auerterentur
646 3495 741 3550 Wasse
770 3503 774 3562 1
804 3494 1099 3563 171101111111118

79 3568 185 3637 eligere
