2400 3944
418 187 529 244 LIBER
547 189 568 244 1.
597 189 674 245 caP.
695 195 773 245 6-8.
1060 191 1103 256 25

155 353 187 418 6.
211 349 368 437 Spartano
387 352 552 437 copiisque
571 353 640 418 eius
660 357 753 418 senta
771 376 810 418 ex
829 353 949 419 uimine
964 353 1104 440 fuerumt,

83 463 171 528 quae
195 439 291 507 coriis
314 440 518 526 tegebantur.

155 531 201 611 [7.
224 529 300 596 Non
319 530 457 608 alienus,
474 533 512 595 ut
531 529 681 608 arbitror,
699 530 752 596 hio
771 532 862 597 loeus
881 536 931 596 est
944 532 1104 598 referendi

84 619 213 685 factum
237 619 415 684 Alexandri
437 617 622 684 Macedonis
645 620 726 684 illud
749 620 873 704 nobile,
897 621 953 705 qui
975 643 1033 705 per
1053 622 1104 686 de·

83 712 178 774 serta
199 707 332 773 Africae
346 707 470 772 itinera
493 708 688 792 grauissima
712 708 766 774 siti
790 731 863 774 eum
886 711 1028 775 exercitu
1051 711 1137 775 ado

84 797 192 862 feetus
216 796 362 862 oblatam
386 796 448 861 sibi
471 818 491 860 a
513 797 616 862 milite
639 798 674 861 in
698 797 793 882 galea
816 819 933 881 aquam
957 801 1103 881 spectan-

83 886 178 952 tibus
205 884 366 951 uniuersis
394 885 520 970 effudit,
547 886 661 951 utilior
689 887 836 970 exemplo
860 888 1104 971 temperantiae,

83 996 187 1061 quam
210 974 242 1039 si'
262 974 499 1040 communicare
522 975 707 1058 potuisset]

266 1183 342 1238 VIII.
369 1182 418 1236 DE
436 1181 721 1240 DISTRINGENDIS
739 1183 926 1241 HOSTIBVS.

159 1312 187 1377 1.
218 1309 424 1396 Coriolanus,
451 1332 524 1376 eum
548 1313 760 1397 ignominiam
784 1313 1003 1379 damnationis
1028 1335 1104 1379 suae
1124 1330 1156 1381 ιο

83 1400 176 1467 bello
199 1400 422 1486 ulcisceretur,
448 1401 694 1486 populationem
716 1402 927 1488 patriciorum
951 1422 1104 1486 agrorum

84 1489 240 1573 inhibuit,
261 1489 383 1554 deustis
403 1489 606 1574 uastatisque
624 1490 835 1575 plebeiorum,
854 1495 891 1556 ut
910 1491 1104 1556 discordiam

85 1582 250 1661 moueret,
272 1600 337 1663 qua
360 1599 535 1644 consensus
559 1578 781 1644 Romanorum
805 1580 1021 1664 distringeret.

157 1667 187 1732 2.
215 1664 382 1733 Hannibal
405 1666 556 1750 Fabium,
584 1669 636 1732 oui
659 1689 762 1753 neque
785 1668 905 1733 uirtute
929 1689 1033 1753 neque
1056 1691 1105 1733 ar·

84 1756 177 1822 tibus
201 1755 344 1820 bellandi
366 1778 426 1839 par
449 1760 532 1841 erat,
556 1761 592 1821 ut
615 1757 752 1822 infamia
770 1757 993 1840 distringeret,
1016 1758 1103 1842 agris
1124 1772 1156 1821 15

86 1843 159 1910 eius
183 1844 355 1928 abstinuit,
379 1849 503 1910 eeteros
527 1847 711 1929 populatus.
757 1849 867 1911 eontra
891 1845 959 1925 ille,
989 1865 1031 1909 ne
1055 1868 1104 1909 su-

87 1935 202 2018 specta
229 1933 354 1998 niuibus
381 1932 462 1998 fides
491 1939 588 2018 esset,
619 1933 842 2019 magnitudine
867 1934 967 1999 animi
991 1934 1105 2013 effecit,

84 2021 266 2108 publicatis
289 2022 550 2106 possessionibus
574 2023 651 2087 suis.

157 2111 188 2176 3.
216 2109 338 2175 Fabius
361 2110 524 2177 Maximus
549 2111 662 2196 quinto
686 2112 811 2195 consul,
840 2132 912 2176 eum
936 2109 1104 2176 Gallorum

87 2204 123 2264 et
145 2197 357 2284 Umbrorum,
384 2199 611 2285 Etruseorum,
640 2198 835 2265 Samnitium
865 2200 1019 2266 aduersus
1047 2223 1103 2286 po·
1124 2218 1158 2266 2ο

86 2288 204 2374 pulum
231 2287 415 2354 Romanum
444 2290 601 2354 exereitus
630 2289 783 2371 coissent,
815 2293 930 2355 eontra
962 2311 1042 2374 quos
1071 2295 1105 2355 et

87 2378 161 2462 ipse
183 2382 274 2442 trans
293 2375 525 2462 Appenninum
544 2378 578 2443 in
598 2377 810 2462 <Sentin>ate
833 2383 940 2444 eastra
962 2399 1105 2443 eommu-

87 2466 216 2550 niebat‚
244 2466 377 2552 seripsit
399 2466 516 2533 Fuluio
541 2472 573 2532 et
596 2468 779 2547 Postumio,
806 2467 861 2551 qui
884 2467 918 2531 in
941 2466 1105 2550 praesidio

87 2555 163 2621 urbi
187 2558 294 2639 erant,
317 2555 429 2640 copias
453 2557 494 2620 ad
517 2554 664 2622 Clusium
687 2559 865 2622 mouerent.
910 2556 1026 2640 quibus
1051 2556 1105 2620 ad·

89 2644 210 2710 secutis
241 2642 282 2709 ad
311 2666 370 2709 sua
397 2643 597 2710 defendenda
623 2645 757 2711 Etrusci
783 2643 965 2729 Umbrique
994 2644 1104 2709 deuer-
1124 2659 1157 2708 25

164 2792 177 2839 1
199 2783 382 2855 SpartagoH
395 2787 399 2855 Ι
416 2790 432 2839 3
450 2785 601 2852 exemplam
619 2785 753 2840 alienam:
772 2786 807 2850 cf.
820 2783 911 2852 praef.
925 2783 976 2854 §9
992 2783 996 2849 Ι
1013 2787 1106 2837 tante

88 2856 163 2912 Mae.
182 2860 236 2912 tres
257 2856 314 2922 fere
333 2857 384 2910 litt.
404 2872 499 2911 erasae
517 2856 552 2909 Η
574 2859 577 2922 Ι
608 2856 745 2910 bitinera
767 2857 830 2911 eicit
847 2855 939 2909 Barth
970 2854 1106 2908 itinerans

88 2929 135 2984 ael
152 2925 253 2982 itinere
272 2928 405 2997 temptaui
420 2928 424 2997 Ι
442 2934 457 2982 6
476 2944 494 2981 a
512 2943 562 2982 om.
574 2928 625 2996 Hl
643 2933 657 2982 7
677 2926 789 2981 utiliore
803 2928 822 2981 d
837 2930 841 2994 Ι
858 2930 874 2978 8
895 2941 917 2978 o.
936 2923 1107 2979 uoluissetd

89 2997 330 3055 communicatum
348 2999 476 3068 potasset
494 2998 553 3053 Ser.
582 3014 605 3051 e.
624 3000 723 3066 potum
741 2997 869 3051 iussisset
887 2994 989 3049 Hartel

164 3075 197 3124 10
217 3067 298 3124 Corio
317 3069 399 3124 lanus
412 3068 453 3136 H,
471 3070 517 3124 sed
527 3070 640 3138 priore
658 3070 690 3123 iu
706 3085 761 3123 ras.
775 3069 794 3122 b
810 3072 813 3135 Ι
832 3073 863 3120 12
882 3066 1028 3133 uastisque
1046 3065 1106 3134 ple·

88 3141 199 3197 biorum
219 3140 272 3212 ΗΙ
297 3145 328 3194 13
349 3139 562 3210 distringeretur
580 3141 639 3195 edd.
660 3144 665 3208 Ι
689 3144 721 3193 15
742 3138 935 3208 destringeret.
955 3138 974 3192 d
995 3139 999 3205 Ι
1024 3141 1058 3191 20
1077 3138 1107 3192 et

88 3213 140 3268 del.
160 3213 219 3268 edd.
237 3211 242 3283 Ι
258 3213 288 3266 et
306 3211 460 3267 Tuscorum
475 3210 700 3278 Samnitiumque
719 3212 737 3265 d
753 3215 757 3278 Ι
782 3215 816 3264 22
836 3207 1107 3279 appenninuminate

88 3283 125 3340 Η
128 3283 164 3350 Ρ,
178 3300 227 3338 em.
240 3282 311 3338 Oud.
330 3300 364 3338 ex
383 3283 448 3337 Lis.
464 3287 509 3349 10,
521 3286 560 3339 27
578 3282 756 3352 Apenninum
771 3285 896 3336 montem
911 3281 970 3336 edd.
987 3280 992 3352 Ι
1008 3285 1042 3334 23
1056 3280 1106 3335 fla-

88 3355 137 3410 uio
157 3355 202 3409 Η1
218 3357 224 3424 Ι
238 3354 269 3409 in
287 3355 356 3409 delet
374 3355 444 3410 Ded.
461 3358 466 3419 Ι
491 3358 526 3408 24
544 3353 621 3407 urbis
636 3354 655 3409 d
671 3356 675 3423 Ι
691 3353 727 3406 ad
746 3353 871 3408 Clusium
892 3352 970 3407 Moe.
990 3367 1023 3407 ea
1041 3351 1106 3406 Liu.

88 3431 135 3493 10,
148 3429 187 3484 2⁷
215 3424 352 3480 adsieium
370 3425 405 3480 H
429 3423 563 3480 adsitium
584 3424 612 3477 P
638 3424 674 3478 ad
692 3423 814 3479 Asisium
835 3425 920 3479 Tana.
937 3426 941 3492 Ι
967 3421 1107 3478 obsecutis

87 3499 134 3554 uel
151 3497 182 3551 id
201 3497 305 3552 secutis
325 3496 394 3552 Oud.
420 3498 425 3565 Ι
454 3501 488 3551 26
508 3494 591 3550 defen
610 3495 703 3550 denda
721 3495 767 3563 H,
793 3497 840 3551 sed
858 3495 1064 3550 defenderas.
1083 3498 1108 3546 et

89 3569 145 3625 den
164 3585 198 3624 ea
216 3568 272 3624 dan
289 3568 309 3622 b
328 3569 333 3636 Ι
356 3568 559 3622 descenderunt
576 3568 595 3621 d
