2400 3944
137 195 180 260 48
342 193 418 249 IULl
437 191 613 248 PRONTINI
634 190 957 250 STRATEGEMATON

138 364 229 424 etex
248 361 384 440 utraque
408 360 501 440 parte
525 376 744 440 compressum
768 355 893 422 cecidit
931 357 1109 437 [ueterano
1126 360 1149 422 st

138 447 193 512 diu
217 446 330 512 edocto
354 467 432 510 usus
452 444 607 510 exercitu:
632 444 693 510 hoc
712 445 797 509 enim
817 465 918 530 genus
937 444 1148 513 ordinationis

138 535 270 619 exsequi
297 535 362 599 nisi
389 534 514 619 peritus
543 537 576 598 et
604 531 645 597 ad
673 554 767 599 omne
795 536 999 599 momentum
1026 557 1149 620 respon·

139 625 216 689 dens
240 624 333 688 miles
357 623 412 688 uix
435 624 567 707 potest]

103 732 119 781 5
206 713 236 778 8.
265 712 378 777 Liuius
408 709 572 777 Salinator
599 715 632 774 et
660 707 815 776 Claudius
843 709 945 794 Nero,
977 732 1057 778 cum
1080 711 1151 779 Has

102 861 107 869 .
139 801 255 867 drubal
282 801 368 866 bello
392 800 514 866 Punico
543 799 682 865 secundo
711 798 901 864 decernendi
923 801 1150 868 necessitatem

139 891 265 955 euitans
289 891 322 955 in
347 890 428 954 colle
452 888 645 973 confragoso
669 893 745 974 post
767 888 880 953 uineas
900 887 1005 954 aciem
1025 890 1150 958 direxis-

139 982 201 1064 set,
232 978 296 1063 ipsi
330 977 470 1042 diductis
500 977 535 1042 in
561 978 666 1043 latera
694 977 819 1042 uiribus
848 998 952 1042 uacua
980 977 1095 1045 fronte
1120 1002 1151 1046 ex

138 1072 272 1150 utraque
300 1070 392 1151 perte
416 1067 696 1131 circumuenerunt
719 1088 793 1130 eum
817 1068 913 1150 atque
936 1065 986 1131 ita
1009 1067 1151 1155 adgressi

86 1177 118 1227 10
138 1159 344 1240 superarunt.
420 1162 424 1169 '

205 1244 235 1308 9.
265 1243 447 1325 Hannibal,
474 1265 547 1308 cum
570 1242 793 1328 frequentibus
816 1243 949 1328 proeliis
974 1242 1150 1312 aclaudio

138 1331 293 1397 Marcello
317 1336 536 1416 superaretur,
558 1333 735 1397 nouissime
759 1332 806 1396 sio
829 1334 937 1396 castra
960 1335 1151 1419 metabatur,

138 1425 175 1486 ut
203 1425 260 1485 aut
292 1421 459 1485 montibus
493 1424 550 1485 aut
581 1420 755 1504 paludibus
788 1425 845 1485 aut
878 1420 980 1487 simili
1007 1422 1152 1490 locorum

139 1510 249 1595 aliqua
277 1509 522 1593 opportunitate
547 1509 676 1575 adiutus
699 1508 802 1574 aciem
825 1530 864 1573 eo
887 1509 985 1576 modo
1008 1513 1151 1578 conloca·

87 1618 119 1668 15
138 1602 201 1682 ret,
224 1602 261 1664 ut
284 1597 489 1664 uincentibus
513 1598 642 1682 quidem
666 1597 821 1664 Romanis
845 1619 946 1682 paene
970 1599 1152 1667 indemnem

138 1687 281 1772 recipere
299 1691 411 1771 posset
429 1687 516 1752 intre
534 1688 737 1752 munimenta
754 1686 943 1772 exercitum,
967 1688 1151 1756 cedentibus

139 1781 247 1842 eutem
271 1777 415 1843 instandi
438 1776 576 1842 liberum
600 1776 736 1842 haberet
759 1776 939 1841 arbitrium.

208 1867 258 1930 10.
282 1865 490 1950 Xanthippus
513 1865 787 1931 Lacedaemonius
811 1865 845 1930 in
864 1864 976 1930 Africa
1000 1866 1152 1933 aduersus

138 1952 182 2020 M.
199 1953 337 2020 Atilium
360 1953 522 2040 Regulum
546 1954 652 2018 leuem
676 1958 875 2019 armaturam
899 1953 934 2017 in
956 1953 1069 2038 prima
1091 1955 1153 2021 acio

85 2063 119 2113 20
139 2043 335 2128 conlocauit,
369 2044 402 2108 in
430 2042 576 2109 subsidio
605 2046 714 2108 autem
741 2042 842 2108 robur
873 2043 1035 2108 exercitus
1068 2065 1152 2129 prae

139 2133 286 2216 cepitque
316 2131 542 2215 auxiliaribus,
570 2137 608 2196 ut
631 2132 759 2196 emissis
787 2131 863 2195 telis
891 2131 1047 2197 oederent
1070 2133 1153 2199 hosti

140 2224 184 2303 et,
204 2242 277 2285 cum
297 2242 331 2284 se
350 2221 438 2283 intra
457 2240 590 2284 suorum
609 2220 737 2285 ordines
756 2219 963 2304 recepissent,
982 2221 1153 2288 confestim

137 2308 172 2372 in
199 2308 304 2372 latera
331 2308 549 2372 discurrerent
577 2312 610 2373 et
637 2330 657 2372 a
684 2309 837 2374 cornibus
864 2330 976 2374 rursus
1009 2331 1153 2397 erumpe

138 2401 225 2462 rent:
250 2401 483 2481 exceptumque
501 2395 566 2461 iam
585 2396 714 2462 hostem
734 2420 753 2463 a
771 2398 1011 2464 robustioribus
1036 2403 1072 2465 et
1093 2399 1154 2485 ipsi

85 2505 119 2555 25
138 2487 375 2551 circumierunt.

206 2576 272 2656 [11.
297 2572 458 2639 Sertorius
473 2573 557 2639 idem
573 2575 606 2639 in
620 2573 782 2659 Hispania
797 2575 951 2641 aduersus
963 2574 1154 2663 Pompeium

137 2663 237 2745 fecit]

207 2753 257 2818 12.
286 2749 496 2818 Cleandridas
524 2751 799 2818 Lacedaemonius
828 2753 981 2818 aduersus
1005 2751 1154 2821 Lucanos
1193 2680 1196 2815 l

139 2840 273 2906 densam
304 2842 462 2908 instruxit
494 2841 610 2927 aciem,
643 2846 680 2907 ut
707 2843 804 2926 longe
832 2841 966 2906 minoris
995 2842 1154 2909 exercitus
1193 2820 1196 2865 ¹

87 2948 120 2998 80
140 2931 278 3014 speciem
312 2932 499 3014 praeberet:
532 2931 653 2996 securis
686 2930 800 2996 deinde
830 2930 981 2995 hostibus
1013 2929 1051 2995 in
1083 2932 1153 3017 ipso

212 3079 225 3125 1
245 3072 330 3125 cerba
348 3073 481 3126 ueterano
502 3101 535 3112 -
554 3071 649 3139 potest
666 3071 744 3125 sica:
763 3070 797 3136 cf.
813 3070 903 3138 praefi
923 3068 975 3140 §9
992 3071 1031 3137 14
1050 3070 1155 3126 milites

138 3140 204 3209 H¹l
225 3149 240 3196 5
259 3140 291 3194 L.
306 3141 390 3196 liuius
405 3142 476 3210 HP,
495 3158 565 3197 corr.
584 3143 604 3195 d
619 3144 623 3210 Ι
641 3138 786 3210 Claudius]
807 3140 839 3195 el.
854 3140 921 3195 ΗΡ
935 3141 940 3211 l
956 3140 1086 3197 astrubal
1098 3143 1135 3198 H

139 3219 155 3265 6
175 3212 338 3266 decertandi
351 3215 410 3267 edd.
428 3216 432 3281 Ι
449 3217 465 3267 8
484 3212 543 3282 ipse
560 3212 612 3281 Hl
628 3212 756 3267 deductis
770 3212 805 3266 H
818 3215 822 3280 Ι
840 3217 873 3267 10
892 3214 1131 3282 superaueruntd

141 3286 172 3334 12
193 3282 358 3336 mecercello
377 3284 412 3338 H
432 3288 436 3351 Ι
460 3284 620 3338 metebatur
638 3284 673 3338 H
697 3283 885 3338 meditabatur
906 3284 941 3351 P,
959 3299 1030 3340 corr.
1051 3286 1096 3355 dl
1123 3289 1154 3340 18

138 3352 336 3421 XantippusP
350 3354 354 3421 Ι
371 3359 403 3408 21
419 3355 572 3410 excussisti
588 3357 592 3421 l
609 3359 644 3408 24
658 3356 687 3410 et
700 3355 793 3423 ipsum
803 3355 838 3409 H
851 3357 855 3422 Ι
872 3360 905 3408 25
916 3354 1151 3425 circumirentPl

139 3428 173 3477 26
184 3424 334 3492 coemptum
344 3425 477 3481 alienum:
491 3427 526 3494 cf.
533 3427 624 3495 praef.
634 3425 655 3497 5
663 3431 681 3482 9
698 3427 702 3493 Ι
718 3430 753 3480 28
764 3424 995 3481 CleandriasOH
1007 3430 1013 3497 Ι
1027 3427 1152 3485 licaonas

137 3493 161 3559 (i
179 3510 212 3549 esc
230 3513 249 3548 u
272 3510 327 3549 ras.
346 3496 435 3565 fucta)
452 3497 488 3552 H
516 3498 649 3567 lycaones
668 3498 707 3563 P,
735 3512 803 3552 corr.
825 3496 941 3552 Oueucb.
965 3512 999 3552 esc
1022 3498 1151 3571 Polym.

138 3568 260 3632 2,10,4
285 3567 290 3634 1
316 3571 350 3621 30
369 3568 473 3622 securis
479 3568 512 3640 fil
526 3573 598 3637 (msc
616 3569 667 3624 litt.
686 3570 777 3635 erasa)
798 3567 833 3622 H
