2400 3944
360 184 471 242 ursus
488 185 537 240 111.
565 184 642 241 csP.
663 191 776 242 1s-1s.
1010 185 1074 252 109

52 351 143 434 set),
161 350 244 415 alios
263 350 405 414 excitans
421 349 608 416 constantia
625 348 774 414 fallaciae
789 371 866 414 suae
879 371 938 434 per
952 348 1076 414 medias

55 437 213 506 Caesaris
236 439 347 522 copias
369 439 568 523 praesidium
591 437 727 522 Pompei
748 438 942 503 transduxit.

129 530 160 593 2.
191 525 377 593 Hannibale
403 527 571 592 obsidente
594 524 787 612 Casilinum,
805 526 945 592 Romani
967 525 1019 592 far
1041 526 1077 590 in

56 616 159 682 doliis
183 617 324 682 secunda
347 638 431 700 aqua
449 615 603 681 Volturni
628 615 771 680 fluminis
795 615 1018 699 demittebant,
1040 620 1078 680 ut

60 705 105 771 ab
130 704 271 771 obsessis
296 706 504 789 exciperetur.
537 704 653 788 quibus
681 726 754 769 cum
783 704 911 769 obiecta
933 727 991 789 per
1014 715 1112 770 mec

59 794 155 859 dium
178 815 306 858 amnem
330 800 446 860 catena
463 792 631 858 Hannibal
650 793 842 876 obstitisset,
865 815 963 858 nuces
986 815 1078 877 spar-

61 904 148 948 sere:
178 903 261 966 quee
289 904 362 947 oum
385 904 471 966 aqua
497 881 621 946 ferente
650 882 691 946 ad
714 881 868 967 oppidum
891 882 1078 965 defluerent,

61 993 103 1038 eo
128 975 311 1038 commeatu
335 972 496 1037 sociorum
519 969 748 1035 necessitatem
772 974 1046 1036 sustentauerunt.

131 1060 161 1125 3.
188 1059 318 1125 Hirtius
346 1058 585 1125 Mutinensibus
616 1059 758 1124 obsessis
788 1059 830 1125 ab
854 1060 997 1124 Antonio
1028 1081 1079 1124 sc·

63 1148 145 1230 lem,
181 1170 245 1233 quo
278 1148 419 1214 maxime
451 1148 662 1232 indigebant,
699 1149 790 1232 cupis
824 1147 992 1214 conditum
1021 1169 1079 1233 per
1098 1159 1133 1208 10

64 1258 195 1302 amnem
218 1234 428 1302 Scultennam
450 1237 635 1303 intromisit

25 1327 31 1339 '
132 1326 163 1390 4.
190 1323 280 1391 Idem
295 1347 413 1410 pecora
428 1324 569 1391 secunda
583 1346 668 1408 aqua
686 1323 825 1409 demisit,
849 1347 931 1410 quae
944 1330 1080 1411 excepta

65 1417 336 1480 sustentauerunt
358 1415 616 1480 necessariorum
639 1415 794 1499 inopiam.

111 1659 173 1716 XV.
205 1657 497 1725 QUEMADMODUM
515 1658 741 1727 EFFIGIATUR,
760 1657 808 1713 UT
826 1657 1027 1715 ABUNDARE

296 1745 526 1818 VIDEANTUR,
547 1747 645 1816 QUAE
665 1747 846 1804 DEERUNT.
1100 1758 1134 1809 15

136 1912 166 1976 1.
198 1909 354 1994 Romani,
377 1933 450 1976 cum
474 1933 493 1975 a
519 1909 621 1976 Gallis
645 1908 843 1996 Capitolium
868 1909 1082 1994 obsideretur,

65 2000 103 2065 in
125 2001 270 2065 extrema
302 2000 369 2065 iam
400 1998 488 2064 fame
516 2022 633 2084 panem
655 2001 690 2065 in
719 1999 849 2065 hostem
879 2000 1083 2064 iactauerunt

66 2090 305 2172 consecutique,
320 2092 356 2153 ut
376 2088 542 2153 abundare
561 2089 796 2154 commeatibus
816 2088 1010 2172 uiderentur,
1027 2086 1083 2152 ob

65 2179 236 2258 sidionem,
259 2178 361 2243 donec
384 2175 543 2242 Camillus
568 2178 763 2260 subueniret,
786 2177 1017 2242 tolerauerunt

135 2267 180 2347 [2.
211 2266 430 2332 Athenienses
456 2267 609 2333 aduersus
628 2265 901 2332 Lacedaemonios
924 2267 1012 2332 idem
1034 2265 1082 2330 fe·
1101 2283 1136 2333 20

64 2357 150 2421 cisse
173 2354 344 2436 dicuntur]

137 2444 166 2509 3.
198 2442 253 2528 Hi,
276 2444 332 2529 qui
351 2442 392 2508 ab
413 2442 752 2510 Hannibale'Casilini
772 2444 1017 2522 obsidebantur,
1040 2443 1082 2508 ad

67 2536 247 2597 extremam
273 2532 395 2597 famem
418 2532 606 2617 peruenisse
629 2533 757 2615 crediti,
789 2554 862 2597 oum
886 2533 986 2597 etiam
1008 2532 1082 2596 her-

67 2620 127 2685 bas
160 2621 323 2686 alimentis
357 2643 470 2687 eorum
492 2621 679 2706 Hannibal,
707 2625 798 2686 arcto
826 2622 897 2687 loco
930 2621 984 2705 qui
1013 2625 1084 2686 erat

66 2709 153 2774 inter
176 2713 285 2774 castra
306 2710 409 2794 ipsius
433 2714 466 2775 et
489 2710 630 2794 moenia,
657 2711 874 2793 praeriperet,
898 2711 1023 2774 semina
1045 2711 1081 2774 in
1101 2726 1136 2776 26

61 2801 295 2882 praeparatum
317 2799 424 2864 locum
443 2799 599 2882 iecerunt,
622 2799 801 2882 consecuti,
823 2801 862 2862 ut
884 2799 1005 2863 habere
1028 2799 1075 2862 ui·

143 2997 158 3045 1
179 2991 249 3046 alios
269 2991 434 3047 Perizonius
461 2989 572 3058 aliquos
591 2990 655 3045 HP
681 2994 685 3056 Ι
715 2988 840 3044 excitans
857 2990 958 3058 scripsi
976 2988 1085 3046 enitens

68 3062 104 3118 H
105 3061 134 3116 P
146 3064 150 3132 Ι
168 3067 184 3115 2
203 3062 330 3118 traduxit
342 3063 362 3117 d
376 3065 381 3130 Ι
397 3068 413 3117 3
434 3060 583 3116 casilinum
597 3063 616 3117 d
638 3060 784 3115 catilinam
798 3060 863 3115 ΗΡ
876 3063 881 3130 Ι
897 3060 940 3116 lar
957 3060 989 3113 in
1003 3061 1086 3116 Zocli-

71 3135 179 3189 msietcr
197 3135 256 3189 coll.
276 3133 342 3189 sie.
357 3137 499 3201 23,19,8
525 3133 599 3187 farin
616 3132 651 3187 H
674 3130 795 3186 farinam
815 3133 844 3185 P
862 3133 866 3201 Ι
891 3137 909 3185 4
927 3131 1011 3186 doliis
1025 3133 1085 3187 edd.

69 3204 159 3260 doleis
168 3204 242 3259 HP:
260 3205 337 3274 etp).
351 3209 446 3269 24,10
461 3207 466 3273 Ι
482 3202 609 3259 uulturni
622 3205 640 3257 b
655 3207 659 3266 1
683 3203 865 3258 dimittebant
879 3202 914 3257 H
915 3203 949 3270 P,
968 3203 1066 3259 cornil
1082 3202 1085 3274 Ι

68 3280 85 3329 δ
99 3275 236 3347 obsessis]
251 3292 340 3331 sesses
351 3275 395 3329 H¹
410 3277 415 3344 Ι
432 3280 448 3329 9
467 3273 590 3346 Hirtius]
607 3274 696 3328 Huius
706 3273 740 3327 H
754 3276 759 3343 Ι
776 3280 808 3329 11
825 3274 1006 3329 Scultennam
1016 3274 1087 3331 Osd.

69 3362 103 3401 es
116 3351 144 3414 3,
154 3351 199 3414 13,
210 3351 228 3402 7
245 3349 408 3401 santernum
417 3347 449 3401 H
467 3347 639 3399 samternum
649 3346 678 3398 P
692 3347 696 3412 Ι
713 3351 746 3399 12
759 3361 878 3415 pecoras
887 3345 922 3399 H
932 3352 996 3402 onte
1009 3364 1064 3402 ras.
1082 3346 1085 3417 Ι

70 3417 181 3472 dimisit
198 3418 233 3473 H
249 3420 253 3488 Ι
280 3423 313 3472 13
333 3418 543 3472 sustentauerat
561 3416 606 3471 H¹
628 3417 893 3472 sustentauerantls

142 3494 175 3543 16
195 3505 212 3542 a
230 3505 280 3545 orn.
301 3488 345 3542 H¹
369 3491 374 3558 Ι
399 3487 554 3557 capitolum
573 3488 618 3543 H¹
643 3490 648 3557 Ι
672 3493 707 3542 20
726 3490 876 3558 exemplum
893 3489 1029 3544 clauum:
1052 3489 1088 3556 cf.

65 3560 160 3629 praef.
179 3558 200 3632 ἕ
214 3564 232 3614 9
253 3562 257 3630 Ι
282 3565 317 3615 22
336 3559 462 3615 cassilini
475 3558 521 3629 ΡΙ
545 3564 579 3614 26
597 3557 673 3614 intra
687 3559 722 3615 H
735 3561 739 3629 Ι
759 3558 801 3632 in]
820 3558 895 3614 inter
912 3559 958 3615 Η1
