2400 3944
140 194 182 259 68
343 193 418 249 IULI
436 192 611 250 FRONTINI
633 191 958 248 STRATEGEMATON

139 358 179 422 de
212 356 347 440 Pompei
384 356 527 421 exercitu
563 357 683 421 amissa
721 358 755 420 et
791 355 901 422 omnia
933 356 1150 442 inpedimenta

139 446 253 511 Liuius
278 449 390 510 auctor
414 450 472 510 est.
516 442 519 447 ’

208 535 261 598 32.
293 533 467 618 Pompeius
491 535 525 598 in
548 533 724 618 Hispania,
747 533 915 617 dispositis
939 538 1019 600 ante
1044 537 1101 622 qui
1122 557 1151 601 er

140 625 267 690 occulto
297 623 563 708 adgrederentur,
591 622 744 688 simulato
767 627 856 688 metu
879 623 1015 688 deduxit
1039 625 1152 691 instau-

104 717 207 780 5tem
225 713 353 777 hostem
371 712 406 777 in
430 713 502 777 loca
525 711 664 777 insessa:
699 710 824 795 deinde,
841 712 897 777 ubi
920 734 973 777 res
996 716 1152 800 poposcit,

141 823 314 868 conuersus
343 808 376 866 et
397 801 432 864 in
454 800 564 866 fronte
588 803 621 864 et
643 801 788 885 utrisque
811 800 970 867 lateribus
994 804 1040 867 ad
1063 804 1153 870 intor-

139 890 300 955 nicionem
329 889 457 973 occidit,
486 893 582 973 capto
611 889 709 953 etiam
737 889 817 954 duce
845 910 956 956 eorum
984 890 1152 976 Perperna

207 980 258 1044 33.
295 977 387 1043 Idem
417 978 572 1042 aduersus
601 977 815 1043 Mithridaten
842 978 877 1043 in
900 976 1077 1061 Armenia,
1104 1004 1153 1047 nu·

140 1089 230 1132 mero
250 1071 283 1131 et
303 1088 419 1152 genere
439 1067 585 1152 equitum
603 1067 859 1150 praeualentem,
882 1067 947 1133 tria
964 1069 1062 1135 milia
1080 1071 1153 1135 leuis

87 1175 121 1225 10
141 1159 325 1220 armaturae
349 1159 381 1219 et
404 1154 434 1218 D
458 1156 582 1239 equites
610 1159 707 1221 nocte
734 1156 769 1219 in
796 1156 884 1221 ualle
907 1156 968 1221 sub
991 1158 1153 1244 uirgultis,

141 1266 224 1328 quae
247 1245 334 1309 inter
356 1245 434 1309 bina
457 1246 565 1309 castra
589 1248 694 1328 erant,
718 1244 887 1329 disposuit.
914 1245 1025 1328 prima
1046 1248 1154 1312 deinde

139 1333 210 1397 luce
229 1333 263 1399 in
283 1332 457 1398 stationem
476 1328 622 1397 hostium
641 1332 750 1398 emisit
773 1335 896 1414 equites
917 1333 966 1398 ita
988 1334 1155 1420 formatos,

139 1424 189 1505 ut,
222 1443 294 1485 cum
326 1423 497 1486 uniuersus
531 1443 603 1486 oum
637 1421 780 1486 exercitu
813 1422 958 1489 hostium
992 1425 1155 1509 equitatus
1196 1464 1198 1477 =

139 1509 299 1595 proelium
321 1510 453 1595 inisset,
477 1511 615 1575 seruatis
635 1510 803 1576 ordinibus
821 1511 979 1595 paulatim
999 1514 1156 1598 cederent,

87 1617 120 1666 15
139 1599 240 1664 donec
273 1600 414 1684 spatium
448 1601 564 1664 darent
596 1600 811 1686 consurgendi
844 1621 863 1664 a
891 1603 986 1685 tergo
1022 1602 1067 1667 ob
1099 1603 1156 1669 hoe

139 1688 315 1773 dispositis.
352 1688 439 1773 quod
461 1690 637 1773 postquam
660 1710 699 1753 ex
722 1688 883 1753 sententia
901 1689 1062 1776 contigit,
1086 1714 1157 1759 oon-

138 1779 242 1842 uersis
270 1778 325 1862 qui
348 1782 443 1863 terga
465 1778 591 1843 dedisse
618 1776 827 1863 uidebantur,
857 1777 996 1845 medium
1029 1779 1156 1847 hostem

138 1867 355 1950 trepidantem
379 1866 509 1950 cecidit,
533 1866 622 1949 ipsos
647 1865 746 1930 etiam
768 1887 869 1950 equos
892 1865 1002 1951 pedite
1028 1870 1157 1935 commi·

138 1975 199 2021 nus
224 1956 395 2020 accedente
424 1955 581 2021 confodit:
613 1976 715 2038 eoque
742 1955 867 2039 proelio
894 1954 1053 2022 fiduciam
1082 1959 1157 2046 regi,

85 2060 119 2110 20
139 2066 236 2128 quam
259 2044 294 2108 in
317 2045 521 2129 equestribus
546 2043 646 2127 copiis
670 2043 826 2126 habebat,
851 2043 999 2110 detraxit

206 2134 258 2198 34.
300 2132 436 2199 Crassus
469 2133 555 2199 bello
588 2131 804 2216 fugitiuorum
836 2133 922 2218 apud
954 2133 1158 2203 Cantennam

138 2221 217 2286 bina
246 2226 353 2286 castra
382 2224 560 2288 comminus
588 2243 662 2286 cum
689 2221 833 2306 hostium
862 2222 976 2287 castris
1008 2225 1158 2292 uallauit

138 2313 234 2374 nocte
262 2309 377 2374 deinde
406 2311 576 2375 commotis
605 2311 721 2394 copiis,
748 2313 900 2375 manente
927 2315 1099 2393 praetorio
1126 2314 1157 2379 in

140 2397 318 2463 maioribus
347 2400 476 2482 castris,
504 2403 540 2463 ut
568 2399 760 2464 fallerentur
787 2399 913 2482 hostes,
945 2400 1017 2484 ipso
1048 2423 1157 2469 omnes

86 2503 120 2553 25
139 2487 249 2570 copias
274 2486 385 2552 eduxit
409 2490 496 2554 etin
519 2488 684 2553 radicibus
707 2488 867 2573 praedicti
890 2488 1012 2554 montis
1037 2491 1157 2557 consti·

139 2576 216 2658 tuit3
248 2576 416 2660 diuisoque
440 2579 588 2662 equitatu
610 2578 776 2662 praecepit
798 2576 833 2641 L.
853 2576 1001 2662 Quintio,
1031 2585 1156 2663 partem

140 2663 295 2748 Spartaco
329 2666 471 2731 obiceret
498 2687 672 2752 pugnaque
701 2687 775 2730 cum
803 2665 1034 2753 frustraretur,
1067 2673 1156 2754 parte

140 2754 205 2818 alia
228 2752 341 2819 Gallos
365 2753 608 2839 Germanosque
632 2777 670 2819 ex
693 2754 836 2820 factione
855 2753 946 2821 Casti
970 2758 1002 2820 et
1022 2754 1156 2825 Cannici

141 2842 272 2908 eliceret
299 2844 339 2908 ad
367 2865 512 2930 pugnam
541 2850 573 2908 et
598 2843 678 2928 fuga
706 2844 858 2908 simulata
886 2843 1075 2932 deduceret,
1105 2845 1155 2912 ubi

212 3003 370 3072 lpompeii
388 3001 423 3056 H
449 3003 453 3070 1
483 2999 610 3068 bposcit
628 3000 662 3052 H
687 3002 692 3068 Ι
721 2999 898 3054 bconuersis
917 3000 951 3054 H
955 3000 995 3069 P,
1014 3003 1125 3060 carad
1148 3006 1152 3073 Ι

139 3072 350 3127 internitionem
368 3073 404 3128 H
408 3073 452 3125 1P
468 3068 684 3125 internetionem
698 3072 716 3124 h
732 3073 736 3139 Ι
753 3076 769 3125 8
788 3068 950 3126 mitridaten
969 3072 1005 3126 H
1017 3074 1022 3143 Ι
1039 3080 1056 3129 9
1075 3089 1153 3145 geno·

139 3143 215 3198 ribus
232 3142 445 3213 (iexehffll
485 3141 647 3196 raeualente
667 3142 760 3210 ΡΙῙ]
783 3141 912 3196 uinaH1
930 3143 1152 3216 uimineallll

140 3214 261 3268 statione
272 3213 316 3282 ΡΙ
332 3215 409 3269 misit
423 3214 457 3267 H
465 3161 661 3285 lfomatosd
678 3211 803 3268 firmatos
819 3212 894 3282 ΗΡΙ
912 3217 945 3267 15
965 3214 1014 3286 ob]
1036 3218 1074 3272 ab
1092 3212 1150 3284 H¹l

142 3288 175 3337 18
194 3289 257 3338 aute
275 3286 370 3353 pedite
389 3287 420 3339 ia
434 3285 468 3338 Η
483 3286 554 3339 duae
572 3285 624 3339 litt.
644 3300 737 3340 aanor
752 3288 756 3353 Ι
774 3290 806 3338 19
821 3285 882 3353 regi
901 3286 998 3357 quam]
1017 3286 1152 3356 reliquam

140 3355 191 3418 H}
208 3360 240 3408 21
262 3357 390 3409 catanam
409 3357 453 3410 arel
471 3355 620 3410 cathenam
634 3357 653 3411 ol
669 3355 672 3429 l
689 3360 723 3410 23
743 3356 890 3410 commotis
908 3372 959 3411 nos
977 3355 1152 3413 commutatis

140 3425 204 3480 ΗΡ
219 3426 432 3481 communicatis
456 3428 500 3481 orl
524 3427 701 3483 communitis
721 3429 739 3482 d
758 3426 911 3481 coniunctis
932 3425 1003 3483 Ocu.
1020 3432 1025 3497 Ι
1042 3435 1077 3484 26
1094 3444 1151 3499 par

139 3497 199 3549 tam
217 3498 234 3551 la
251 3500 254 3564 Ι
271 3501 305 3551 27
324 3515 503 3567 pugnamque
523 3499 695 3568 eamH128
714 3496 830 3569 gannici
849 3497 895 3571 ΡΙ
912 3503 946 3552 29
965 3498 1149 3569 eligeretHl

140 3567 207 3636 fuga
227 3568 297 3624 Orod.
320 3585 415 3638 pugna
433 3569 499 3622 ΗΡ
