2392 3944
386 195 496 253 LIBER
514 198 548 253 ΙΙ.
577 196 655 256 cnr.
675 204 751 254 r-a.
1039 201 1078 264 77

130 360 183 426 13.
216 358 252 424 Τ.
274 359 437 425 Labienus
465 364 541 445 post
568 358 791 427 Pharsalicam
819 384 977 448 pugnam,
1007 385 1079 428 cum

58 451 160 516 uictis
184 447 334 533 partibus
357 447 600 533 Dyrrhachium
626 449 813 535 refugisset,
844 452 974 517 miscuit
1001 475 1080 518 uera

58 539 154 606 falsis
180 541 227 621 ct,
249 559 317 603 non
338 538 443 603 celato
463 539 553 603 exitu
575 560 718 623 pugnae,
742 544 913 625 aequatam
936 542 1079 625 partium

60 628 231 694 fortunam
251 626 345 712 graui
363 626 497 692 uulnere
513 625 662 693 Caesaris
681 628 788 693 finxit:
809 634 841 693 et
859 629 920 694 hac
939 631 1079 695 adsimu-

59 718 187 783 latione
209 715 344 799 reliquis
362 714 633 800 Pompeianarum
652 718 796 801 partium
819 718 970 783 fiduciam
993 718 1113 784 fecitc

129 805 182 871 14.
214 803 259 869 M.
287 803 382 887 Oatc,
415 826 488 869 cum
516 805 726 870 Ambraciam
758 827 795 869 eo
823 809 983 889 tempore,
1016 829 1078 891 quo

60 895 172 961 sociae
204 914 305 958 naues
337 892 379 957 ab
412 893 539 960 Aetolis
578 895 866 978 oppugnabantur,
901 896 1077 978 inprudens

59 1005 125 1049 uno
154 982 264 1047 lembo
293 981 485 1067 appulisset,
514 1004 712 1067 quamquam
739 982 820 1047 nihil
850 1004 957 1047 secum
986 1006 1078 1066 prae-

61 1073 135 1138 sidii
159 1071 308 1154 haberet,
331 1071 438 1155 coepit
461 1072 590 1156 signum
614 1092 693 1136 uoce
717 1076 872 1156 gestuque
896 1071 985 1155 dare,
1014 1095 1077 1158 quo

59 1162 226 1226 uideretur
260 1160 486 1245 subsequentis
519 1168 652 1225 suoruni
684 1162 779 1225 nauis
811 1182 945 1246 uocare,
977 1183 1077 1246 eaque
1098 1179 1131 1227 10

60 1249 309 1315 adseueratione
332 1248 460 1314 hostem
485 1249 615 1332 terruit,
643 1252 811 1333 tamquam
839 1251 934 1334 plane
963 1251 1076 1335 adpro·

58 1339 271 1424 pinquarent,
294 1337 350 1423 qui
373 1338 467 1422 quasi
491 1359 530 1402 ex
553 1337 701 1420 proximo
725 1338 923 1405 citabantur:
956 1340 1076 1422 Aetoli,

58 1450 99 1494 nc
114 1428 259 1492 aduentu
272 1425 440 1492 Romanae
459 1427 572 1491 classis
593 1426 859 1512 opprimerentur,
877 1429 1077 1514 reliquerunt

59 1515 349 1602 oppugnationem.

107 1723 183 1781 VIII.
212 1725 261 1779 DE
280 1723 539 1780 RESTITUENDA
557 1724 630 1779 PER
649 1723 911 1781 CONSTANTIAM
929 1724 1021 1780 Acin.
1079 1737 1113 1785 15

129 1873 159 1937 1.
183 1867 315 1934 Seruius
330 1868 455 1934 Tullius
475 1869 662 1934 adulescens
682 1869 820 1952 proelio,
842 1891 905 1952 quo
925 1891 981 1933 rex
999 1870 1076 1934 Tar·

61 1960 191 2045 quinius
221 1958 376 2023 aduersus
400 1956 538 2023 Sabinos
568 1958 725 2041 conflixit,
754 1957 918 2041 signiferis
948 1960 1076 2044 segnius

60 2047 292 2113 dimicantibus
320 2050 449 2132 raptum
478 2048 606 2133 signum
635 2048 669 2110 in
696 2047 824 2110 hostem
852 2048 953 2110 misit:
987 2047 1075 2112 cuius

59 2136 274 2221 recuperandi
297 2137 404 2221 gratia
426 2135 566 2201 Romani
589 2135 637 2200 ita
661 2136 811 2200 ardenter
838 2140 1076 2220 pugnauerunt,

60 2229 98 2291 ut
122 2230 156 2291 et
179 2226 308 2310 signum
333 2229 366 2289 et
387 2225 559 2290 uictoriam
583 2225 763 2290 retulerint.
1094 2242 1128 2291 20

127 2315 158 2378 2.
194 2313 310 2379 Furius
339 2314 486 2399 Agrippa
517 2314 629 2380 consul
657 2314 788 2378 cedente
817 2335 917 2378 cornu
946 2314 1075 2400 signum

58 2402 205 2468 militare
220 2405 365 2486 ereptum
382 2403 538 2488 signifero
552 2404 587 2467 in
600 2403 714 2468 hostes
725 2402 885 2468 Hernicos
901 2407 934 2468 et
944 2403 1075 2487 Aequos

57 2493 161 2557 misit.
189 2512 252 2575 quo
275 2491 363 2557 facto
387 2492 456 2556 eius
479 2492 638 2576 proelium
657 2492 844 2557 restitutum
863 2496 926 2557 est:
951 2514 1076 2557 summa

58 2581 148 2646 enim
172 2580 343 2645 alacritate
362 2581 503 2647 Romani
527 2581 568 2645 ad
590 2581 811 2665 recipiendum
836 2582 965 2667 signum
988 2582 1076 2646 incu-

56 2671 208 2735 buerunt.
1093 2684 1127 2733 25

126 2759 156 2824 3.
181 2758 217 2823 Τ.
232 2756 384 2834 Quintius
403 2755 606 2842 Capitolinus
629 2758 742 2823 consul
761 2759 889 2844 signum
909 2759 943 2823 in
962 2759 1073 2823 hostes

55 2847 203 2913 Faliscos
227 2847 321 2912 eiecit
343 2847 526 2930 militesque
549 2847 581 2911 id
604 2851 750 2930 repetere
773 2850 877 2912 iussit.

131 3010 146 3058 2
162 3003 330 3073 dyrrhacum
345 3003 379 3057 H
395 3003 562 3058 dirrhatium
582 3004 628 3071 ΡΙ
645 3010 660 3058 5
674 3003 801 3073 reliquiis
816 3003 892 3058 Mod.
910 3005 914 3071 Ι
933 3007 965 3056 12
983 3004 1074 3070 primo

55 3076 102 3130 Η1
119 3077 124 3143 Ι
144 3073 275 3129 cibantur
292 3075 327 3128 H

132 3152 166 3200 1o
185 3147 296 3200 titulum
314 3162 363 3200 om.
384 3146 428 3200 H¹
458 3146 462 3210 Ι
495 3145 670 3199 restituenda
689 3147 721 3200 d:
740 3147 774 3212 cf.
792 3163 819 3214 p.
840 3149 891 3210 38,
916 3150 952 3199 18
973 3143 1075 3198 consti·

57 3216 165 3271 tuenda
181 3217 253 3286 bPl
271 3223 303 3270 16
322 3216 410 3270 tullus
429 3217 462 3270 H
465 3217 499 3285 P,
517 3234 564 3272 em.
584 3218 603 3272 d
628 3216 632 3287 Ι
649 3216 812 3270 adolescens
826 3218 844 3270 b
859 3220 864 3286 Ι
882 3220 915 3268 11
935 3215 1076 3269 conflicxit

56 3289 103 3354 H,
128 3288 175 3343 aed
193 3305 209 3342 c
227 3304 288 3357 cap.
307 3289 412 3342 etita
430 3304 484 3342 ros.
503 3289 541 3355 11
563 3292 596 3342 18
615 3288 775 3357 raptimbl
797 3291 829 3342 19
848 3286 1002 3357 recipiendi
1022 3288 1073 3359 Pl

57 3358 192 3414 ardenter
209 3359 250 3426 H,
268 3361 315 3413 sect
333 3360 381 3413 alt.
399 3377 414 3412 r
431 3361 463 3413 io
476 3375 532 3413 ros.
556 3361 560 3427 Ι
590 3365 624 3413 20
643 3358 799 3413 retulerunt
812 3359 845 3412 H
857 3365 920 3413 cote
934 3375 989 3415 ras.
1007 3362 1011 3427 Ι
1041 3365 1074 3413 22

56 3430 194 3485 Hernicos
221 3430 339 3484 Volscos
348 3429 419 3485 Ded.
435 3431 494 3485 0011.
505 3430 570 3485 Liu.
586 3435 613 3496 3,
623 3435 673 3486 70:
692 3432 726 3496 cf.
737 3431 829 3499 praef.
844 3429 864 3500 ἕ
879 3436 912 3484 11
930 3433 934 3498 Ι
951 3437 984 3485 23
999 3430 1074 3484 facto

56 3504 76 3557 d
94 3505 180 3573 pacto
226 3501 271 3570 ΡΙ
288 3504 317 3556 01
331 3501 500 3570 summaHl
517 3506 551 3556 21
570 3502 710 3570 phaliscos
729 3502 763 3556 H
778 3501 905 3570 Volscos,
925 3504 1005 3556 eiecto
1024 3499 1073 3555 Oa·

55 3572 202 3644 pitolinus,
221 3573 291 3629 coni.
313 3572 383 3628 Orod.
402 3574 461 3628 coll.
480 3572 547 3627 La.
566 3577 592 3640 4,
607 3579 645 3629 29
662 3575 666 3642 Ι
690 3572 719 3626 id
738 3573 848 3629 001Η1
