2400 3944
143 187 187 253 54
348 185 422 241 IULl
439 184 619 241 FRONTINI
637 182 963 241 STRATEGEMATON

143 350 298 416 aduersus
317 348 500 414 obstinatos
516 345 678 414 Samnites
697 350 914 432 concurreret,
930 345 1152 432 ignorantibus

144 439 212 504 suis
235 437 400 523 praecepit
420 435 538 522 Spurio
556 434 691 521 Nautio,
715 438 752 501 ut
774 435 870 519 pauci
893 435 1004 501 alares
1032 440 1070 503 et
1092 458 1153 524 aga·

144 549 238 593 sones
261 527 358 591 mulis
380 525 561 591 insidentes
580 546 752 611 ramosque
775 545 834 608 per
852 528 976 590 terram
994 525 1153 591 trahentes

144 638 163 680 a
183 615 265 681 colle
283 619 472 680 transuerso
492 635 613 700 magno
632 613 775 679 tumultu
793 612 1014 679 decurrerent.
1050 614 1154 700 quibu

108 722 124 770 5
144 704 325 790 prospectis
348 704 565 788 proclamauit
587 703 744 768 uictorem
767 701 880 767 adesse
905 702 1090 789 collegam,
1116 724 1154 769 oc·

143 796 301 878 cuperent
323 794 387 877 ipsi
411 791 592 877 praesentis
614 790 731 875 proelii
755 789 908 878 gloriam:
930 813 997 876 quo
1020 791 1156 859 factost

142 881 283 948 Romani
306 882 424 947 fiducia
447 880 604 946 concitati
621 879 798 965 pro<ruere
817 883 851 945 et
868 879 1004 964 hostes>
1031 883 1155 966 pulnere

141 970 282 1055 perculsi
305 975 401 1055 terga
423 973 601 1035 uerterunt.

209 1060 239 1124 2.
275 1057 397 1123 Fabius
430 1057 546 1124 Rullus
577 1055 739 1122 Maximus
772 1061 888 1142 quarto
921 1059 1101 1125 consulatu
1129 1059 1156 1123 in

91 1165 124 1213 10
143 1145 287 1232 Samnio,
321 1147 409 1212 omni
438 1145 535 1211 modo
567 1146 690 1211 frustra
720 1150 856 1211 conatus
884 1145 988 1211 aciem
1016 1147 1155 1214 hostium

141 1257 365 1320 perrumpere,
387 1235 565 1300 nouissime
588 1234 736 1300 hastatos
761 1233 917 1299 subduxit
934 1235 1109 1302 ordinibus
1129 1240 1156 1303 et

142 1346 215 1389 cum
235 1322 386 1408 Scipione
411 1324 520 1408 legato
544 1345 602 1390 suo
626 1323 840 1388 circummisit
861 1323 1023 1408 iussitque
1048 1326 1156 1391 collem

143 1433 271 1496 capere,
295 1434 333 1476 ex
352 1433 415 1496 quo
435 1412 561 1477 decurri
580 1415 709 1496 poterat
725 1411 760 1476 in
778 1412 922 1477 hostium
941 1415 1056 1497 terga:
1080 1414 1156 1499 quod

142 1501 200 1566 ubi
227 1499 349 1567 factum
378 1505 441 1584 est,
469 1499 626 1566 Romanis
655 1501 759 1566 creuit
787 1500 914 1565 animus
937 1504 971 1566 et
993 1499 1155 1568 Samnites

91 1607 123 1655 15
142 1589 307 1674 perterriti
329 1591 442 1675 fugam
465 1589 636 1654 molientes
660 1588 747 1655 caesi
770 1593 854 1655 sunt.
1134 1658 1137 1663 ,

209 1678 239 1743 3.
272 1677 435 1744 Minucius
467 1677 572 1743 Rufus
603 1679 795 1762 imperator,
828 1699 901 1744 oum
933 1699 953 1742 a
982 1675 1156 1747 Scordiscis

141 1765 305 1852 Dacisque
328 1772 536 1854 premeretur,
558 1767 676 1852 quibus
702 1767 797 1851 inpar
815 1770 886 1832 erat
903 1788 1053 1850 numero,
1071 1790 1156 1854 prae

141 1856 233 1921 misit
255 1857 391 1922 fratrem
411 1861 444 1923 et
462 1877 581 1940 paucos
601 1877 667 1920 una
685 1855 810 1940 equites
834 1876 907 1921 cum
929 1858 1156 1925 aeneatoribus

141 1945 384 2029 praecepitque,
414 1949 462 2026 ut,
492 1967 565 2010 cum
593 1943 731 2009 uidisset
759 1946 963 2009 contractum
990 1947 1157 2030 proelium,

89 2048 123 2096 20
143 2033 271 2098 subitus
295 2056 334 2098 ex
357 2034 485 2099 diuerso
510 2055 544 2098 se
569 2031 754 2098 ostenderet
777 2029 965 2116 iuberelque
988 2036 1156 2101 concinere

142 2127 344 2188 aeneatores:
368 2122 643 2205 <re>aonantibus
667 2121 828 2186 montium
851 2122 938 2207 iugis
962 2124 1089 2206 species
1113 2125 1156 2190 iu-

142 2211 249 2294 gentia
273 2209 490 2277 multitudinis
515 2211 619 2275 offusa
642 2215 692 2275 est
713 2209 877 2293 hostibus,
908 2232 972 2295 qua
994 2213 1156 2295 perterriti

143 2297 257 2362 dedere
281 2302 383 2382 terga.
764 2298 767 2303 ’

207 2387 238 2452 4.
266 2386 391 2451 Acilius
415 2385 549 2453 Glabrio
574 2388 687 2452 consul
711 2387 867 2452 aduersus
891 2387 1051 2454 Antiochi
1074 2391 1154 2476 regis

89 2490 123 2541 25
143 2476 257 2553 aciem,
286 2497 383 2559 quam
410 2474 438 2540 is
466 2476 500 2539 in
524 2475 647 2540 Achaia
674 2497 734 2561 pro
763 2476 925 2561 angustiis
954 2475 1155 2564 Thermopy·

141 2565 248 2628 larum
268 2563 441 2642 direxerat,
464 2564 691 2649 iniquitatibus
711 2564 775 2629 loci
794 2586 861 2629 non
878 2565 998 2630 inritus
1017 2570 1154 2645 tantum,

143 2652 198 2716 sed
222 2673 295 2716 cum
317 2652 443 2717 iactura
470 2674 597 2737 quoque
624 2652 772 2737 repulsus
801 2658 899 2737 esset,
929 2652 995 2718 nisi
1023 2656 1154 2722 circum·

142 2779 281 2786 ———----
295 2779 355 2787 .—..

212 2850 228 2898 2
248 2845 304 2899 suis
323 2861 373 2899 om.
392 2844 457 2912 H¹l
480 2844 626 2914 agasiones
646 2843 690 2899 H¹
710 2847 715 2913 Ι
740 2850 756 2898 3
775 2843 872 2899 multis
890 2844 926 2899 H
943 2847 946 2913 Ι
971 2861 1153 2971 romanosque

140 2915 192 2984 ΗΙ
219 2916 321 2971 badae
335 2916 387 2983 ΗΙ
407 2920 613 2986 occupauerant
625 2916 691 2985 H¹l
714 2922 729 2970 6
748 2915 825 2971 facta
837 2916 902 2985 H¹l
926 2920 1073 2972 atomum
1090 2919 1109 2972 fi
1128 2935 1153 2971 u·

140 2988 211 3043 tiam
225 2987 260 3041 H
262 2987 270 3018 ¹
285 2991 290 3056 Ι
306 2988 440 3041 concitati
458 3003 590 3068 proruere
609 2990 638 3043 ct
656 2988 751 3042 hostes
769 2988 885 3056 puluere
899 2987 1001 3042 Παπαῖ
1023 2986 1154 3045 concitati

140 3059 290 3129 propulere
303 3058 369 3113 HP
388 3061 523 3112 conc1tati
542 3059 607 3112 sunt
625 3061 654 3114 et
672 3057 812 3113 Samnites
830 3073 898 3126 prae
916 3058 1070 3127 puluered
1096 3076 1154 3114 con·

141 3129 222 3185 citati
241 3129 390 3199 propulere
409 3129 504 3184 hostes
524 3130 553 3183 et
567 3127 707 3184 Samnites
725 3145 794 3198 prae
809 3128 924 3198 puluere
940 3129 1026 3185 ouu..·
1044 3131 1083 3198 ef.
1092 3130 1154 3185 Liu

140 3205 189 3266 10,
203 3203 310 3256 40-41
338 3202 343 3266 Ι
367 3206 384 3255 8
408 3199 544 3268 perculsit
561 3199 593 3253 H
616 3206 680 3256 unte
701 3216 756 3255 ras.
785 3199 911 3269 perpulsi
931 3200 960 3254 P
982 3203 987 3266 1
1016 3205 1033 3255 9
1059 3200 1154 3257 Rullus

120 3278 122 3283 '
140 3269 264 3340 Souliper
282 3269 394 3325 rutilius
409 3271 475 3324 ΗΡ
491 3269 638 3325 Rullianus
655 3270 756 3327 Grou:
773 3271 808 3336 cf.
824 3271 915 3340 praef.
929 3270 950 3342 5
963 3276 997 3324 11
1015 3272 1020 3341 Ι
1048 3276 1083 3327 14
1098 3275 1155 3342 post

141 3342 185 3396 est
202 3357 262 3396 wau
279 3341 332 3396 litt.
353 3344 394 3410 (et
411 3345 437 3408 .)
456 3359 536 3397 ausc
550 3341 585 3396 H
602 3346 606 3410 l
632 3349 664 3397 16
682 3340 720 3397 M.
735 3342 840 3395 mutius
854 3341 889 3396 H
904 3341 1040 3397 Miuutius
1058 3345 1104 3405 ΡΙ
1125 3347 1154 3397 Π

140 3412 222 3480 inpar
240 3410 312 3481 erat]
332 3410 484 3482 imperaret
499 3413 550 3477 ΗΙ
572 3419 606 3470 20
627 3413 754 3468 subditus
769 3413 804 3467 H
806 3412 814 3443 ²
830 3416 833 3479 Ι
855 3418 887 3466 21
908 3413 1074 3468 sonantibus
1087 3413 1155 3481 ΗΡ,

140 3499 188 3536 era.
206 3480 291 3536 Grou.
309 3485 314 3548 Ι
335 3487 368 3537 22
388 3482 475 3538 effusa
493 3484 529 3539 H
545 3487 550 3552 Ι
573 3488 606 3538 25
626 3484 670 3539 his
685 3484 730 3539 H¹
746 3488 750 3550 Ι
772 3484 801 3537 in
819 3485 947 3538 achaiam
967 3484 1014 3551 Pl
1033 3484 1155 3540 thermo

140 3551 281 3623 philatum
300 3553 335 3607 H
355 3558 359 3621 Ι
384 3559 418 3607 27
439 3553 603 3609 cummiesus
622 3555 657 3610 H
