2392 3944
426 186 538 248 amna
554 193 588 248 11.
617 191 693 250 ose.
713 198 738 248 a.
1047 193 1108 280 63,

142 357 195 423 22.
219 354 311 422 Idem
333 355 514 438 Hannibal,
537 377 611 422 cum
633 356 719 420 inter
736 353 874 422 Fabium
898 357 1090 423 dictatorem

68 450 105 512 et
131 445 314 511 Minucium
341 444 536 528 magistram
564 444 709 529 equitum
737 445 861 511 diuisus
890 449 976 511 esset
1003 467 1090 511 exer·

69 535 155 602 citus
179 537 213 598 et
234 532 357 599 Fabius
386 532 610 600 occasionibus
640 533 826 618 inmineret,
848 533 1010 601 Minucius
1033 558 1090 620 pu-

69 622 194 710 gnandi
208 621 386 706 cupiditate
400 622 563 708 flagraret,
579 626 687 688 castra
705 624 741 687 in
755 644 880 707 campo,
894 624 949 708 qui
964 624 1089 690 medius

68 713 158 778 inter
179 712 291 777 hostes
315 713 399 795 erat,
427 711 537 796 posuit
560 714 605 794 et,
634 732 706 776 cum
734 715 860 795 partem
888 712 1032 794 pediturn
1054 713 1124 785 ina

70 800 276 886 confragosis
290 799 425 883 rupibus
440 799 586 883 celasset,
603 799 673 884 ipse
688 799 729 864 ad
743 799 944 865 euocandum
960 801 1089 867 hostem

69 889 175 973 misit,
208 889 265 973 qui
292 887 477 973 proximum
504 889 666 954 tumulum
696 890 906 972 occuparent:
938 889 979 953 ad
1008 911 1089 973 quos

71 977 305 1064 opprimendos
333 998 406 1042 cum
435 977 596 1042 eduxisset
623 978 733 1060 copias
756 976 929 1061 Minucius,
956 977 1089 1042 insidia·

71 1072 161 1134 tores
186 1067 228 1132 ab
249 1065 434 1132 Hannibale
457 1065 608 1149 dispositi
631 1065 740 1130 subito
763 1069 1034 1132 consurrexerunt
1056 1070 1090 1131 et

71 1156 235 1221 delessent
252 1153 374 1221 Minuci
393 1154 583 1238 exercitum,
603 1154 668 1219 nisi
685 1153 808 1220 Fabius
826 1155 1087 1239 periclitantibus
1108 1177 1142 1228 ιο

71 1245 286 1310 subuenisset

137 1333 193 1399 23.
214 1331 304 1397 Idem
322 1329 504 1414 Hannibal,
527 1353 600 1396 cum
623 1330 665 1396 ad
683 1331 835 1397 Trebiam
858 1332 893 1396 in
913 1337 1088 1416 conspectu

70 1421 210 1487 haberet
232 1419 404 1503 Semproni
421 1418 530 1506 Longi
554 1420 695 1485 consulis
720 1426 840 1506 castra,
862 1421 967 1486 medio
993 1443 1088 1486 amne

73 1509 293 1593 interfluente,
316 1508 505 1573 saeuissima
527 1508 633 1573 hieme
657 1510 831 1594 Magonem
855 1514 887 1574 et
910 1510 1029 1575 electos
1053 1511 1089 1573 in

73 1598 201 1664 insidiis
224 1598 342 1682 posuit
380 1596 494 1662 deinde
512 1595 672 1663 Numidas
692 1600 815 1683 equites
834 1599 875 1663 ad
895 1598 1087 1663 eliciendam
1108 1618 1139 1668 15

73 1685 246 1771 Semproni
282 1684 503 1752 credulitatem
541 1686 728 1771 adequitare
760 1687 847 1752 uallo
881 1686 949 1751 eius
983 1686 1088 1768 iussit,

74 1776 192 1862 quibus
211 1778 427 1860 praeceperat,
446 1779 483 1840 ut
502 1774 542 1839 ad
561 1776 702 1859 primum
716 1778 904 1841 nostrorum
922 1775 1088 1839 incursum

73 1887 128 1949 per
150 1867 233 1930 nota
254 1863 442 1948 refugerent
464 1864 557 1931 uada.
601 1864 663 1928 hos
691 1863 805 1928 consul
828 1866 861 1927 et
885 1862 1019 1928 adortus
1042 1867 1088 1928 te-

73 1974 159 2019 mere
184 1956 218 2017 et
239 1956 368 2018 secutus
391 1952 534 2017 ieiunum
558 1952 732 2017 exercitum
753 1952 788 2015 in
806 1950 947 2016 maximo
966 1951 1088 2036 frigore

73 2042 215 2108 transitu
237 2041 379 2106 fluminis
402 2041 563 2126 rigefecit:
590 2062 667 2105 mox
689 2043 820 2123 torpore
845 2043 877 2105 et
900 2040 1008 2104 inedia
1031 2040 1086 2105 ad·
1105 2061 1140 2110 2ο

73 2130 165 2198 lectis
189 2128 356 2194 Hannibal
384 2150 478 2194 suum
506 2129 644 2194 militem
671 2129 838 2212 opposuit,
866 2149 961 2213 quem
990 2128 1087 2194 adid

73 2219 204 2305 ignibus
232 2219 380 2302 oleoque
394 2221 428 2282 et
456 2219 529 2282 cibo
552 2217 693 2302 fouerat3
723 2238 783 2282 nco
810 2217 913 2284 defuit
939 2219 1088 2302 partibus

73 2306 188 2394 Mago,
214 2307 294 2391 quin
316 2310 409 2392 terga
431 2305 575 2371 hostium
597 2307 632 2370 in
654 2307 717 2371 hoc
740 2296 907 2372 ordinatus
930 2307 1088 2373 caederet.

139 2397 194 2462 24.
217 2393 308 2460 Idem
327 2395 368 2460 ed
382 2395 653 2478 Trasumennum,
675 2417 747 2460 cum
767 2399 837 2460 arta
856 2397 1014 2481 quaedam
1032 2396 1088 2461 uia

73 2485 180 2568 in<ter
203 2484 310 2550 lacum
334 2483 388 2567 et>
412 2482 536 2549 radices
564 2483 686 2548 montis
713 2483 748 2547 in
775 2505 907 2568 campos
936 2490 1087 2570 patentes
1106 2501 1140 2552 25

72 2573 213 2657 duceret,
227 2573 379 2639 simulata
395 2571 476 2658 fuga
493 2593 551 2656 per
570 2573 739 2657 angustias
759 2572 799 2637 ad
818 2575 964 2656 patentia
983 2574 1088 2639 euasit

70 2662 182 2747 ibique
210 2665 317 2727 castra
344 2661 455 2746 posuit
482 2682 519 2725 ac
545 2664 640 2725 nocte
669 2660 836 2745 dispositis
865 2662 1026 2728 militibus
1056 2666 1088 2726 et

69 2768 129 2835 per
150 2750 275 2834 collem,
294 2751 350 2835 qui
367 2750 558 2834 inminebat,
581 2752 613 2813 et
631 2749 665 2813 in
683 2750 839 2815 lateribus
863 2752 1087 2836 angustiarum
1161 2816 1163 2821 ,

143 3001 160 3051 3
179 2994 339 3051 immineret
356 2997 386 3050 et
399 2995 435 3049 H
447 2996 484 3062 16
502 2994 661 3050 uocandnm
675 2994 710 3049 H
722 2998 726 3064 Ι
743 3001 758 3050 '1
778 2994 947 3063 occuparent
966 2995 1042 3062 (rent
1056 2995 1088 3048 in

68 3083 127 3124 rae.
142 3066 300 3133 decressere
314 3067 366 3121 litt.
380 3067 410 3134 b)
425 3066 460 3120 H
472 3068 477 3135 Ι
496 3073 512 3122 9
532 3067 765 3122 consurrexerunt
781 3068 925 3131 (onsurrex
942 3065 974 3119 in
986 3081 1042 3120 rae.
1056 3066 1086 3133 t)

68 3139 105 3196 Η
119 3139 131 3209 Ι·
142 3144 176 3193 10
193 3136 300 3192 manici
313 3136 358 3191 H1
381 3136 533 3192 municiib
554 3136 668 3192 minutii
683 3137 729 3202 ΡΙ
753 3142 785 3189 11
805 3135 1000 3191 subuenissent
1014 3136 1059 3191 H¹
1079 3135 1085 3208 Ι

69 3217 104 3267 13
120 3206 268 3280 symproni
281 3208 326 3263 H¹
349 3207 504 3278 sympronii
516 3209 587 3278 ΙιΡΙ
604 3207 712 3263 medios
726 3207 762 3263 H
776 3212 840 3261 cate
852 3221 908 3263 raa.
924 3209 928 3275 l
950 3213 984 3262 14
1002 3206 1087 3263 inter-

68 3280 239 3351 fluentaH!
255 3279 389 3349 gemeH¹
405 3281 410 3347 Ι
427 3284 460 3334 15
480 3279 685 3350 eligendamH
700 3277 886 3333 deliniendam
897 3277 943 3347 ΡΙ
960 3284 993 3334 16
1013 3296 1088 3350 sym-

68 3351 153 3422 proni
172 3350 207 3406 H
226 3351 378 3420 sempronii
397 3350 442 3417 ΡΙ
463 3357 496 3406 12
515 3352 657 3407 insecutus
676 3352 695 3405 d
711 3351 715 3421 Ι
735 3351 849 3404 ieunum
868 3348 920 3419 ΗΙ
943 3355 976 3404 22
996 3350 1089 3406 fuerat

68 3423 115 3479 Η1
141 3427 145 3489 Ι
171 3428 206 3479 23
225 3422 275 3492 qui
292 3421 363 3490 ΗΡ,
380 3424 486 3478 carad
510 3425 514 3491 Ι
542 3427 577 3477 24
595 3424 827 3491 thrasymennnm
845 3421 910 3475 HP
932 3425 935 3484 Ι
961 3425 995 3476 26
1014 3422 1089 3476 inter

68 3496 167 3550 lacum
186 3495 216 3548 et
232 3492 341 3550 radices
356 3492 457 3548 Hortel
474 3494 708 3559 coll.11ia.22,4
726 3492 756 3547 in
773 3490 882 3547 radices
896 3491 960 3546 ΗΡ
975 3509 1026 3561 per
1044 3508 1086 3546 ra-

69 3565 149 3622 dices
167 3566 212 3621 uel
229 3563 260 3620 in
277 3563 406 3619 radiced
430 3567 435 3633 Ι
460 3570 494 3619 26
513 3564 623 3634 patenti
641 3564 676 3618 H
