2400 3944
403 184 513 240 LIBER
530 184 578 240 III.
606 184 683 242 cAP.
704 193 728 242 1.
1029 188 1071 253 89

166 349 222 416 VI.
244 348 294 415 De
318 323 521 415 districtione
543 348 780 434 praesidIorum
803 349 982 417 hostilium.

149 437 222 504 VH.
244 436 677 505 Defluminumderiuatione
685 441 718 504 et
725 439 897 507 uitiatione
905 462 1072 526 aquarum.

133 525 224 592 VIII.
246 526 297 592 De
319 525 481 594 iniciendo
505 526 646 593 obsessis
669 549 800 613 pauore.

113 614 223 682 VIIII.
245 615 295 681 De
321 615 508 701 inruptione
536 637 575 682 ex
603 615 732 683 diuersa
758 620 866 703 parte,
894 639 991 702 quam
1020 640 1071 684 ex·

271 704 499 790 spectabimur.
1091 725 1107 774 e

182 791 221 858 X.
243 794 294 860 De
316 793 457 878 insidiis,
479 815 538 880 per
561 815 642 880 quas
665 795 838 860 eliciantur
860 795 994 860 obsessi.

163 881 222 949 XI.
243 882 294 948 De
317 882 525 948 simulatione
547 904 722 969 regressus.

51 971 107 1041 Ex
131 971 296 1039 contrario
320 971 405 1037 circa
426 971 565 1037 tutelam
588 972 806 1039 obsessorum:

147 1058 222 1127 XII.
244 1059 295 1126 De
317 1060 489 1126 excitanda
512 1082 589 1127 cura
612 1083 753 1128 suorum.

132 1148 223 1216 XIII.
246 1150 296 1216 ΒΘ
319 1149 496 1215 emittendo
520 1153 554 1216 et
575 1150 760 1235 recipiendo
783 1151 908 1218 nuntio.
1092 1171 1125 1222 10

115 1237 224 1305 XIIII
245 1238 296 1304 ΒΘ
327 1236 569 1304 introducendis
607 1240 737 1306 auxiliis
772 1245 805 1307 et
837 1241 1072 1308 commeatibus

272 1327 493 1413 suggerendis.

151 1412 222 1482 XV.
246 1414 523 1494 Quemadmodum
547 1416 721 1504 efficiatur,
744 1424 781 1485 ut
801 1419 965 1487 abundare
983 1420 1072 1486 uide·

272 1507 382 1589 antur,
405 1526 487 1589 quae
512 1505 655 1576 deerunt.

135 1592 222 1659 XVI.
246 1591 322 1748 Quat
335 1593 462 1659 ratione
480 1595 703 1680 proditoribus
718 1599 751 1661 et
764 1596 944 1682 transfugis
963 1617 1071 1663 oecur-
1093 1613 1126 1665 15

270 1704 308 1748 ra
323 1705 371 1749 ur.

119 1768 224 1836 XVII.
246 1771 296 1837 ΒΘ
319 1772 554 1856 eruptionibus.

100 1859 223 1926 XVIII.
245 1858 295 1926 De
318 1862 503 1927 constantia
526 1861 742 1927 obsessorum.

314 2035 336 2091 I.
365 2033 413 2090 ΒΒ
432 2032 644 2090 REPENTINO
663 2033 811 2090 ΙΜΡΕΤΠ.

127 2144 154 2206 1.
183 2142 219 2209 T.
238 2142 389 2222 Quintius
410 2144 531 2229 consul,
545 2143 641 2209 uictis
661 2145 729 2210 acie
743 2144 867 2229 Aequis
886 2148 919 2210 et
932 2143 1073 2230 Volscis,
1092 2163 1128 2214 20

53 2253 132 2298 cum
150 2230 287 2298 Antium
305 2233 461 2318 oppidum
479 2253 666 2319 expugnare
685 2235 863 2318 statuisset,
887 2233 928 2299 ad
951 2233 1073 2299 contio·

53 2343 134 2386 nem
161 2324 278 2387 uocato
306 2322 449 2388 exercitu
477 2323 641 2406 exposuit,
669 2345 766 2408 quam
794 2324 828 2388 id
854 2323 1073 2389 necessarium

55 2414 91 2476 et
113 2408 207 2475 facile
227 2413 321 2495 esset,
344 2411 372 2476 si
389 2432 455 2478 non
474 2410 672 2478 differretur:
696 2433 797 2497 eoque
820 2413 954 2497 impetu,
978 2434 1074 2498 quem

55 2497 243 2565 exhortatio
266 2499 496 2583 concitauerat,
521 2499 695 2586 adgressus
719 2505 770 2566 est
791 2501 915 2567 urbem.

126 2588 157 2652 2.
192 2587 236 2654 Μ.
268 2586 352 2655 (lato
384 2588 418 2653 in
450 2588 613 2672 Hispania
645 2590 876 2656 animaduertit
907 2589 1007 2675 potiri
1039 2611 1073 2655 se
1093 2605 1128 2657 25

55 2676 196 2761 quodam
211 2676 331 2762 oppido
345 2698 451 2762 posse,
474 2679 503 2742 si
520 2678 709 2762 inopinatos
727 2678 903 2744 inuaderet.
949 2678 1075 2762 quadri·

57 2764 115 2830 dui
133 2765 242 2868 itaque
269 2766 332 2832 iter
358 2766 456 2832 biduo
475 2788 533 2850 per
551 2766 747 2869 confragosa
772 2771 805 2832 et
824 2768 951 2869 deserta
970 2788 1074 2868 ernen-

56 2853 520 3010 {inlitttllltt
541 2855 1074 3030 lllllllllztss..stille

133 3142 147 3191 1
167 3135 356 3192 destructione
377 3136 406 3190 P
428 3137 432 3206 1
457 3135 582 3193 hostiurn
600 3137 633 3193 d.-
651 3137 687 3204 of.
704 3153 732 3206 p.
752 3139 802 3202 96,
820 3141 838 3191 9
868 3138 872 3204 1
901 3133 1075 3190 tuitaticne

57 3206 94 3263 Η
98 3206 127 3262 Ρ
133 3248 144 3276 ,
162 3223 231 3265 corr.
251 3209 270 3264 d
289 3207 294 3280 1
321 3213 339 3262 4
357 3209 553 3291 exspectamur
573 3209 618 3264 H¹
625 3208 659 3292 P⁸
670 3206 893 3291 effspeotabimus
910 3207 940 3274 lc,
968 3207 1076 3262 comesi

57 3283 228 3406 seer.
241 3280 285 3404 o
302 3285 338 3419 1.
351 3278 1057 3420 cainianaeuraccum

59 3427 94 3477 14
112 3421 269 3490 quaeerunt
285 3421 321 3476 H

132 3498 167 3549 20
185 3491 265 3547 'litus
282 3491 328 3563 611
344 3494 544 3564 tacetetHl
560 3490 794 3548 arsenoitanerit
810 3490 836 3546 G
852 3491 855 3563 1
873 3490 1073 3562 estora.GHl

57 3568 93 3618 25
104 3563 216 3618 Marcus
229 3562 255 3617 G
266 3563 270 3636 1
282 3570 316 3619 26
330 3567 427 3634 posset
437 3562 502 3619 GH
510 3564 513 3636 1
524 3564 686 3635 inopinatus
696 3565 715 3618 d
727 3563 730 3636 1
742 3562 851 3632 quadra
860 3563 922 3619 GH
923 3563 932 3593 ¹
941 3562 1077 3631 quadrello
