2400 3944
378 184 487 240 LIBER
505 185 539 241 11.
567 184 645 242 OAP.
666 193 708 243 13.
1017 186 1059 252 87

56 350 186 416 untium
215 368 349 434 agmen,
376 347 412 413 in
449 347 597 432 quintam
630 348 748 416 horam
783 351 943 417 continuit
980 373 1060 417 suos

56 440 201 523 idemque
229 437 423 502 statiuorum
450 436 539 503 feeit:
573 459 637 523 qua
663 440 875 524 persuasione
904 439 1060 527 digressis

56 529 114 593 ude
137 525 283 610 Parthis,
309 527 432 592 iustum
458 525 522 591 iter
548 527 671 612 reliquo
701 527 752 594 die
781 529 850 595 sine
873 529 1061 614 interpella-

56 618 129 683 ionc
153 615 304 683 confecit.

107 706 137 771 8.
170 703 341 788 Philippus
369 704 405 768 in
426 701 530 786 Epiro
558 705 679 789 uictus,
706 726 747 770 ne
775 704 957 792 fugientem
985 721 1094 771 cums

56 794 181 859 tomani
208 796 407 878 premerent,
435 791 577 857 indutias
602 793 643 858 ad
667 794 868 879 sepeliendos
893 795 949 879 qui
973 795 1058 860 caesi

56 886 133 948 rant
165 881 345 967 inpetrauit
382 884 416 947 et
448 881 490 946 cb
528 881 562 946 id
593 883 834 949 remissioribus
868 881 1057 949 custodibus

57 973 152 1038 ussit.

106 1061 135 1126 9.
167 1060 203 1126 P.
222 1059 390 1146 Claudius,
414 1059 525 1125 nauali
547 1060 672 1146 proelio
696 1063 869 1144 superatus
893 1058 1059 1146 aPoenis,

56 1172 111 1214 um
135 1171 193 1235 per
216 1148 364 1214 hostium
385 1148 550 1234 praesidia
568 1170 700 1215 necesse
723 1149 861 1215 haberet
879 1171 1058 1236 erumpere,
1078 1165 1112 1215 10

56 1239 181 1324 eliquas
204 1238 322 1323 uiginti
341 1259 441 1303 naues
460 1242 629 1322 tamquam
649 1239 799 1305 uictrices
818 1239 916 1304 iussit
935 1240 1057 1305 ornari:

56 1331 138 1413 tque
162 1328 210 1392 ita
228 1325 347 1392 Poenis
370 1327 634 1393 existimantibus
658 1328 841 1413 superiores
866 1328 965 1395 fuisse
988 1329 1058 1393 acie

56 1421 171 1482 rastros
194 1414 350 1481 terribilis
374 1415 522 1482 excessit

106 1507 159 1572 10.
182 1503 284 1570 Poeni
303 1504 405 1570 classe
425 1504 584 1589 superati,
608 1505 685 1589 quia
706 1505 886 1572 instantem
910 1508 1056 1571 avertere

56 1594 225 1660 tomanum
244 1593 430 1678 studebant,
447 1593 684 1659 simulauerunt
701 1594 737 1659 in
755 1594 840 1660 uada
858 1615 959 1659 naues
980 1615 1056 1659 suas
1077 1609 1110 1658 15

56 1682 194 1749 scidisse
230 1681 461 1766 haerentisque
498 1683 621 1747 imitati
658 1683 847 1766 effecerunt,
883 1687 921 1748 ut
952 1682 1058 1747 uictor

56 1794 151 1838 orurn
175 1771 295 1836 timens
318 1792 430 1836 casum
454 1772 598 1855 spatium
621 1770 662 1836 ad
686 1772 890 1836 euadendum
911 1770 1024 1835 daret·

108 1861 159 1926 11.
183 1857 350 1924 Commius
370 1859 527 1944 Atrabas,
551 1882 624 1925 cum
642 1859 749 1926 uictus
769 1882 788 1925 a
807 1859 892 1926 Diuo
910 1859 996 1925 Iulio
1018 1880 1058 1924 ex

56 1949 148 2014 tallia
180 1949 214 2012 in
242 1947 463 2012 Brittanniam
494 1948 623 2034 fugeret
650 1951 682 2014 et
708 1948 794 2014 forte
822 1948 863 2014 ad
892 1947 1056 2015 Oceanum

56 2041 137 2102 ento
162 2036 292 2122 quidem
315 2036 472 2121 secundo,
500 2036 556 2102 sed
585 2041 676 2102 aestu
704 2037 872 2103 recedente
903 2038 1056 2120 uenisset,
1076 2053 1110 2103 20

56 2127 187 2212 namuis
219 2147 319 2191 naues
351 2127 385 2191 in
422 2125 514 2190 siccis
550 2125 702 2191 litoribus
738 2127 921 2211 haererent,
957 2124 1056 2210 pandi

56 2214 251 2281 ihilominus
284 2215 358 2280 uela
388 2214 501 2280 iussit:
533 2236 614 2298 quae
647 2237 720 2280 cum
752 2236 948 2300 persequens
982 2234 1057 2280 eum

56 2304 160 2369 taesar
183 2326 221 2368 ex
244 2303 426 2390 longinquo
449 2303 610 2368 tumentia
633 2307 666 2368 et
688 2304 766 2368 flatu
791 2304 889 2389 plena
910 2303 1056 2388 uidisset,

56 2397 128 2458 atus
151 2413 307 2477 prospero
332 2392 395 2457 sibi
418 2392 499 2477 eripi
521 2414 618 2458 cursu
644 2393 787 2459 recessit.

112 2573 127 2621 2
147 2567 286 2636 fidemque
310 2565 478 2622 statiuorum
499 2565 638 2623 &aecius
659 2568 744 2631 fidem
763 2585 819 2638 quo
838 2567 1006 2624 statiuorum
1024 2567 1060 2623 H

57 2639 124 2694 dem
143 2637 363 2694 constatiuorum
383 2638 412 2692 P
435 2641 439 2706 Ι
465 2637 605 2707 digressus
623 2639 660 2692 H
681 2641 685 2708 Ι
715 2645 731 2694 3
750 2639 824 2694 inter
841 2640 877 2695 H
891 2645 955 2696 ante
972 2656 1028 2696 ras.
1050 2640 1054 2706 t

56 2710 161 2766 1.XX.
181 2709 209 2764 P
227 2709 345 2780 triginta
375 2708 429 2764 Poz
448 2710 472 2764 b.
497 2713 532 2778 1,
556 2713 669 2777 51,11.
702 2709 785 2766 Hatr.
804 2713 897 2778 2,26.
929 2711 1005 2767 Oros.
1024 2715 1055 2777 4,

56 2786 128 2849 0,3
153 2781 158 2849 Ι
184 2785 217 2836 15
235 2781 265 2834 in
282 2779 404 2836 uadain
479 2781 483 2851 1
509 2787 542 2836 18
561 2781 681 2837 Atrebas
706 2781 765 2836 edd.
788 2781 791 2852 A
813 2780 898 2836 dinuo
917 2781 961 2836 H¹
986 2783 990 2851 Ι
1022 2787 1054 2836 19

56 2851 204 2908 rittaniam
223 2853 258 2906 H
270 2857 274 2918 Ι
291 2858 324 2907 21
344 2852 462 2907 haerent
476 2852 521 2906 H¹
538 2856 593 2920 124
610 2868 743 2922 prospere
762 2852 791 2907 P

440 3159 654 3168 -—-·-——--
