2400 3944
395 202 502 258 LIBER
520 203 568 258 ΙΙΙ.
597 202 674 259 ΟΑΡ.
695 209 790 259 9-10.
1036 203 1100 268 103

104 419 139 474 X.
167 418 216 473 Da
235 414 482 473 DISPONHNDIS
501 415 661 486 INSIDIIS,
680 416 721 471 IN
740 416 836 483 QUAS
854 416 1078 473 ELICIANTUR

512 504 666 561 OBSESSI.

155 637 182 700 1.
205 632 289 700 (lato
308 635 344 698 in
362 637 537 718 conspectu
555 632 801 717 Lacetanorum,
819 656 900 718 quos
920 635 1100 715 obsidebat,

83 724 218 808 reliquis
238 745 370 789 snorum
393 723 576 805 summotis,
600 721 856 806 Suess<et>anos
881 725 1038 808 quosdam
1062 747 1101 790 ex

83 813 297 878 auxiliaribus
330 813 467 877 maxime
499 811 635 876 inbelles
666 811 800 896 adgredi
832 813 961 877 moenia
991 813 1136 884 iussitzs

83 902 145 967 hos
170 922 243 967 cum
261 901 349 968 facta
368 901 534 985 eruptione
553 900 707 965 Lacetani
730 901 826 966 facile
849 903 1045 966 auertissent
1068 906 1101 967 et

83 991 248 1076 fugientes
273 990 366 1056 auide
389 990 526 1055 insecuti
544 993 660 1068 essent,
683 989 749 1053 illis
773 1010 854 1073 qnos
879 990 1101 1056 occultauerat

84 1079 206 1146 coortis
230 1080 385 1163 oppidum
409 1079 503 1162 cepit.

153 1170 183 1235 2.
215 1168 251 1233 L.
275 1167 382 1252 Scipio
406 1169 440 1233 in
464 1166 627 1251 Sardinia,
651 1166 817 1231 cuiusdam
841 1167 984 1232 ciuitatis
1006 1167 1100 1251 <pro-

83 1260 284 1342 pugnatores
303 1262 340 1323 ut
354 1257 494 1340 eliceret,
516 1255 611 1338 cum>
626 1260 719 1340 parte
739 1256 889 1341 militum,
912 1256 1025 1321 relicta
1044 1278 1099 1341 op·
1121 1274 1155 1324 10

83 1346 286 1432 pugnatione
309 1366 407 1429 quam
430 1345 639 1427 instruxerat,
663 1344 804 1428 speciem
827 1345 982 1430 fugientis
1008 1368 1101 1429 prae-

84 1436 185 1501 stitit:
208 1435 426 1518 insecutisque
449 1439 570 1499 temere
590 1434 761 1518 oppidanis
785 1457 843 1518 per
866 1457 936 1519 eos,
960 1456 1041 1521 quos
1065 1437 1100 1500 in

82 1525 233 1608 proximo
263 1523 497 1602 occultauerat,
521 1522 674 1607 oppidum
697 1524 827 1590 inuasit.

153 1613 184 1680 3.
213 1611 399 1694 Hannibal,
430 1634 502 1677 cum
531 1611 695 1677 obsideret
725 1613 893 1678 ciuitatem
921 1611 1101 1696 Himeram,

83 1706 194 1767 castra
213 1723 272 1767 sua
290 1700 361 1785 capi
379 1700 418 1766 de
436 1700 597 1765 industria
615 1723 730 1784 passus
751 1707 809 1784 est,
831 1701 929 1766 iussis
952 1702 1100 1766 recedere
1120 1717 1153 1768 15

82 1788 219 1874 Poenis,
246 1794 415 1876 tamquam
438 1789 643 1874 praeualeret
664 1788 783 1854 hostis:
814 1811 876 1872 quo
900 1794 1019 1854 euentu
1042 1789 1100 1854 Hi-

83 1880 223 1945 meraeis
255 1880 302 1944 ita
334 1878 490 1962 deceptis,
523 1880 560 1942 ut
587 1877 706 1962 gaudio
734 1878 856 1962 inpulsi
885 1879 1000 1944 relicta
1022 1879 1101 1944 urbe

82 1971 314 2052 procurrerent
341 1967 382 2033 ad
409 1967 568 2032 Punicum
599 1967 738 2049 uallum,
767 1966 935 2032 Hannibal
964 1989 1100 2033 uacuam

82 2057 200 2122 urbem
222 2078 280 2140 per
303 2077 373 2140 eos,
397 2077 477 2141 quos
500 2057 536 2120 in
559 2055 686 2120 insidiis
711 2055 751 2120 ad
774 2055 858 2120 hano
880 2057 986 2141 ipsam
1010 2077 1101 2121 oeca-

83 2146 212 2211 sionem
235 2148 400 2229 posuerat,
423 2145 519 2228 cepit.
1120 2161 1154 2210 ao

153 2235 183 2300 4.
215 2233 315 2315 Idem,
338 2238 376 2299 ut
399 2232 599 2318 Saguntinos
623 2233 760 2315 eliceret,
783 2256 858 2299 rara
882 2235 950 2299 acie
970 2234 1010 2298 ad
1034 2257 1101 2299 mu-

82 2344 140 2388 ros
164 2322 320 2387 accedens
344 2322 385 2387 ad
407 2323 547 2406 primam
572 2322 771 2406 eruptionem
800 2324 1037 2408 oppidanorum
1061 2324 1101 2387 si·

83 2411 210 2477 mulata
232 2411 311 2496 fuga
334 2413 431 2477 cessit
453 2410 714 2495 interpositoque
743 2413 886 2477 exercitu
915 2413 956 2476 ab
981 2412 1101 2496 oppido

83 2500 279 2566 interclusos
302 2523 322 2564 a
346 2501 412 2565 suis
435 2500 548 2565 hostes
571 2499 606 2566 in
629 2501 734 2566 medio
757 2501 943 2567 trucidauit.

154 2589 184 2654 5.
213 2589 357 2655 Himilco
373 2587 652 2674 Carthaginiensis
672 2589 757 2674 apud
770 2588 988 2675 Agrigentum
1011 2591 1102 2655 iuxta
1120 2605 1154 2655 ao

84 2678 242 2764 oppidum
260 2683 388 2762 partem
408 2679 573 2763 copiarum
591 2679 626 2742 in
648 2677 775 2742 insidiis
794 2680 906 2762 posuit
923 2681 1103 2763 praecepit·

159 2871 274 2926 linem.
290 2870 325 2925 Η
351 2871 355 2942 Ι
372 2870 407 2924 de
425 2868 534 2924 insidiis
552 2886 603 2939 per
617 2886 687 2938 quas
697 2887 727 2939 p.
745 2874 825 2937 aad
842 2872 846 2937 Ι
862 2877 878 2925 2
898 2871 1017 2925 obsessis
1036 2871 1100 2944 H¹l

86 2949 102 2998 3
122 2942 151 2997 0.
173 2940 242 2997 Cato
263 2942 310 3012 ΡΙ
332 2946 349 2994 4
368 2958 515 2996 suessanos
533 2940 569 2995 H
571 2941 608 3008 P,
627 2958 674 2995 em.
696 2941 781 2996 Groa.
800 2958 833 2995 aa
852 2942 918 2995 Lia.
938 2946 983 3007 34,
1001 2944 1061 3011 201
1086 2949 1101 2997 7

85 3013 223 3084 fugientis
241 3013 285 3082 Pl
311 3028 381 3082 quas
399 3015 438 3078 dl
462 3019 478 3067 8
498 3011 601 3067 coortis
620 3014 639 3067 d
658 3011 779 3067 cohortis
798 3012 879 3082 ΗΡΙ
900 3012 958 3066 illis
978 3029 1048 3081 quas
1068 3043 1103 3054 -

86 3084 248 3141 cohortibus
268 3086 328 3140 edd.
346 3084 406 3139 coll.
426 3084 489 3138 Ia'e.
508 3087 553 3150 34,
567 3087 606 3139 20
629 3087 633 3151 Ι
655 3089 670 3138 9
689 3088 911 3153 propugnatores
929 3088 962 3138 nt
980 3083 1103 3153 eliceret,

86 3173 152 3211 cum
169 3157 298 3225 suppleat
322 3157 327 3224 Ι
354 3160 387 3209 10
405 3156 487 3224 parte
506 3155 628 3209 militum
647 3155 713 3209 ΗΡ
726 3155 803 3224 parti
821 3154 944 3209 militum
965 3155 1034 3210 Oad.
1053 3173 1104 3224 per

85 3227 239 3282 tumultum
258 3228 317 3282 edd.
338 3227 344 3296 Ι
362 3232 394 3281 13
411 3225 554 3294 proximos
573 3226 608 3279 Η
611 3226 645 3292 P,
663 3243 731 3281 corr.
751 3229 790 3293 dl
814 3232 847 3280 14
866 3243 930 3281 cum
948 3226 1101 3298 obsideret]

86 3297 257 3353 cumsideret
265 3297 300 3352 H
303 3297 311 3329 ¹
326 3303 330 3358 Ι
347 3297 501 3352 hiemeram
520 3297 601 3364 ΗΡΙ
618 3303 652 3351 16
665 3297 746 3365 ponis
756 3297 790 3351 H
792 3298 800 3328 ¹
816 3303 821 3363 Ι
836 3297 1001 3352 hiemeraeis
1019 3298 1099 3370 ΗΡ]

87 3377 119 3425 17
136 3368 271 3439 deceptus
286 3367 330 3425 ΗἸ
345 3375 351 3442 Ι
369 3372 401 3423 18
415 3367 523 3422 uallum
543 3373 592 3437 (aa
605 3370 637 3421 ia
650 3372 719 3435 ras.)
732 3368 766 3422 H
778 3369 783 3438 Ι
800 3374 833 3422 21
854 3369 1036 3440 Saguntinos]
1056 3370 1103 3423 Se-

86 3444 221 3510 gestanos
240 3440 398 3496 Rubenius:
416 3440 452 3506 ef.
468 3441 559 3509 praef.
578 3438 599 3511 5
619 3443 653 3492 11
671 3437 809 3508 {eligeret
827 3439 863 3494 Η
884 3443 888 3507 l
913 3446 946 3494 22
967 3441 1102 3495 accedens

85 3514 145 3568 cdd.
165 3513 337 3567 adscendens
347 3512 383 3565 H
388 3513 415 3564 P
429 3515 433 3580 ι
449 3516 484 3566 25
504 3509 769 3580 carthaginensisH
782 3513 786 3580 Ι
802 3517 837 3566 26
855 3510 965 3580 piarum
976 3527 1103 3580 -prae-

86 3583 219 3655 cepitque
237 3584 282 3638 his
300 3599 350 3638 ona
367 3581 413 3637 Η1
