2400 3944
416 194 528 251 LIBER
545 196 579 252 II.
608 195 684 254 CAP.
706 203 729 252 7.
1036 197 1078 264 75

56 358 361 426 manifestissimam
396 359 520 424 cladem
553 360 687 426 ultionis
721 361 928 427 simulatione
955 362 1078 427 uelauit

57 454 93 516 et
117 447 258 513 militum
282 448 409 514 animos
432 448 495 513 hac
517 450 727 534 persuasione
751 450 966 516 confirmauit.

127 538 158 602 4.
188 534 311 622 Scipio,
333 557 407 602 cum
427 534 587 622 Syphacis
611 538 712 623 legati
730 539 920 604 nuntiarent
942 539 972 604 ei
989 541 1077 626 regis

57 627 112 693 sui
138 626 284 710 nomine,
312 625 398 709 (ne)
421 627 540 692 fiducia
563 627 730 692 societatis
754 629 822 693 eius
846 650 885 692 ex
910 626 1078 693 Siciliain

58 715 206 782 Africam
234 715 403 800 transiret,
435 716 573 800 ueritus,
604 736 644 779 ne
675 716 949 782 confunderentur
977 718 1113 782 animis

60 825 192 871 suorum
225 803 351 869 abscisa
384 804 486 888 (spe)
519 804 708 889 peregrinae
742 806 921 890 societatis,
954 804 1078 871 dimisit

58 891 243 978 pro<pe>re
270 893 397 978 legatos
422 896 456 957 et
478 893 602 957 famam
631 893 772 977 diffudit,
798 898 966 979 tamquam
984 895 1077 960 ultro

56 1005 79 1048 a
102 980 250 1066 Syphace
273 985 500 1048 accerseretur.

126 1069 157 1136 5.
194 1068 231 1146 Q.
255 1068 431 1151 Sertorius,
463 1091 538 1136 cum
570 1071 638 1135 acie
669 1070 861 1152 decertaret,
893 1071 1077 1156 barbarum,

58 1160 117 1244 qui
135 1159 165 1223 ei
182 1159 393 1224 nuntiauerat
411 1157 612 1224 Hirtuleium
631 1161 762 1243 perisse,
775 1162 918 1246 pugione
936 1161 1076 1240 traiecit,
1096 1176 1129 1226 10

58 1269 99 1313 ne
119 1250 151 1312 et
169 1247 204 1311 in
222 1248 361 1313 aliorum
379 1248 413 1312 id
432 1249 585 1315 notitiam
604 1248 763 1332 perferret
782 1252 815 1313 et
833 1250 875 1314 ob
893 1250 955 1314 hoc
975 1249 1076 1314 animi

59 1356 194 1402 suorum
216 1336 465 1402 infirmarentur.

126 1425 156 1490 6.
180 1423 367 1510 Alcibiades
382 1425 602 1509 Atheniensis,
617 1447 690 1491 cum
705 1425 791 1510 (ab)
802 1426 968 1510 Abydenis
982 1448 1075 1510 proe-
1119 1499 1124 1506 ,

59 1515 104 1580 lio
127 1517 321 1598 urgueretur
345 1514 517 1599 subitoque
542 1534 661 1600 magno
686 1537 781 1579 cursu
804 1515 933 1579 tristem
957 1515 1074 1579 aduen-

56 1608 130 1668 tare
170 1601 455 1668 enimaduertisset
494 1604 717 1688 tabellarium,
758 1603 925 1686 prohibuit
965 1604 1075 1686 palam
1096 1618 1129 1668 15

10 1746 12 1753 .
57 1693 178 1776 dicere,
212 1691 290 1776 quid
323 1691 473 1758 adferret.
520 1691 635 1758 dehinc
668 1697 792 1758 secreto
824 1692 1023 1774 sciscitatus,
1057 1715 1076 1756 a

58 1780 271 1846 Pharnabazo
299 1782 390 1867 regio
419 1780 584 1865 praefecto
613 1783 750 1845 classem
776 1801 868 1844 suam
892 1782 1076 1864 oppugnari

60 1870 175 1936 celatis
195 1873 229 1934 et
246 1869 395 1935 hostibus
419 1875 453 1935 et
474 1870 634 1934 militibus
657 1869 816 1953 proelium
839 1868 924 1932 finiit
948 1890 985 1933 ac
1003 1891 1075 1952 pro·

13 1990 17 1997 ·
58 1959 148 2024 tinus
172 1957 212 2022 ad
237 1957 435 2043 eripiendam
463 1960 601 2024 classem
619 1959 715 2023 ducto
743 1957 884 2022 exercitu
908 1978 1002 2040 opem
1025 1961 1076 2023 tu·

55 2048 97 2113 lit
121 2046 198 2112 suis.
1095 2061 1129 2111 20

127 2137 156 2200 7.
192 2134 411 2200 Hannibalem
443 2136 628 2201 uenientem
660 2136 694 2199 in
721 2135 855 2200 Italiam
887 2133 952 2198 tria
984 2134 1077 2199 milia

57 2223 319 2308 Carpetanorum
342 2223 556 2309 reliquerunt:
581 2247 661 2311 quos
685 2225 760 2308 ille,
793 2224 939 2306 exemplo
971 2244 1012 2288 ne
1045 2226 1078 2288 et

55 2313 160 2379 ceteri
178 2317 401 2398 mouerentur,
422 2312 523 2379 edixit
541 2337 561 2378 a
579 2335 614 2379 se
633 2335 704 2378 esse
723 2312 874 2379 dimissos
894 2317 928 2378 et
944 2311 1078 2396 iusuper

55 2403 92 2468 in
124 2400 222 2467 fidem
254 2401 322 2467 eius
355 2403 402 2467 rei
435 2424 556 2486 paucos
593 2402 779 2468 leuissimus
812 2423 930 2487 operae
963 2401 1077 2467 domos

54 2491 192 2558 remisit.
1094 2504 1129 2553 aa

125 2581 155 2645 8.
196 2578 232 2644 L.
256 2579 423 2664 Lucullus,
459 2598 532 2644 cum
565 2580 849 2645 animaduertisset
880 2578 1075 2644 Macedonas

53 2668 198 2754 equites,
225 2688 306 2754 quos
334 2669 368 2733 in
392 2669 511 2734 auxilio
535 2667 692 2753 habebat,
720 2670 828 2734 subito
852 2688 1010 2733 consensu
1034 2668 1075 2732 ad

129 2867 146 2916 2
166 2876 199 2915 ac
213 2861 258 2915 Hl
274 2862 279 2930 l
294 2860 488 2930 persuassioue
498 2861 532 2914 H
546 2867 549 2924 Ι
566 2867 582 2916 3
601 2877 630 2915 se
648 2859 766 2930 yphacis
777 2860 822 2914 Η1
838 2863 842 2927 Ι
857 2859 999 2913 nuntiauit
1008 2859 1052 2912 H²

55 2937 75 2987 4
93 2948 129 2986 ne
148 2933 212 2987 odd.
226 2933 246 2987 d
262 2934 266 3002 Ι
292 2947 326 2986 ex
345 2931 413 3002 Sic]
433 2930 517 2985 exilia
534 2933 569 2986 H
577 2931 587 2964 ¹
604 2932 746 2986 auxiliab
774 2933 779 2999 Ι
809 2936 824 2986 5
843 2930 995 2984 transirent
1012 2929 1047 2982 H

56 3008 75 3058 6
94 3019 146 3074 spe
164 3004 228 3059 add.
248 3003 377 3072 Zecbm.l
401 3002 565 3072 peregrinae
583 3003 767 3073 creperegico
785 3002 817 3055 Η
837 3003 840 3066 l
865 3000 1015 3069 peregrina
1034 3017 1075 3055 so·

56 3074 163 3130 cietate
179 3075 225 3143 ΡΙ
242 3080 257 3130 7
271 3089 390 3144 propere
405 3075 514 3142 legatos
530 3076 624 3130 Mod:
643 3076 678 3141 cf.
693 3073 760 3128 Liu.
770 3076 816 3140 29,
827 3076 865 3128 24
882 3070 1075 3140 prorelegatos

55 3147 161 3214 (tisb)
181 3146 262 3214 ΗΡΙ
278 3152 294 3201 8
313 3145 502 3200 accerseretur
520 3147 538 3200 b
557 3149 745 3201 accesseretur
758 3145 793 3198 Η
795 3146 803 3175 ¹
822 3141 1006 3198 accessiretur
1024 3142 1052 3195 P
1068 3141 1073 3214 Ι

58 3222 93 3272 10
112 3216 285 3286 hyrtuleium
299 3217 334 3270 H
346 3219 350 3275 Ι
369 3221 400 3269 11
417 3213 479 3270 ida
496 3215 533 3270 ad
552 3217 583 3270 H
591 3217 651 3283 1ΡΙ
669 3223 701 3270 13
721 3216 758 3269 ab
777 3216 840 3270 add.
860 3214 1074 3277 111114111-

55 3288 97 3342 ito
117 3302 201 3356 quem
221 3303 303 3342 cursu
321 3286 365 3341 Η1
390 3291 395 3352 Ι
422 3292 454 3341 lt
473 3286 643 3343 tabellarum
662 3286 707 3340 Η1
727 3290 731 3355 Ι
754 3291 786 3340 16
805 3286 870 3340 dein
890 3284 936 3357 ΡΙ
953 3287 1074 3341 secretos

55 3358 218 3414 sciscitator
236 3359 271 3413 H
289 3361 293 3428 Ι
312 3364 345 3413 18
363 3357 436 3413 finiit
454 3359 473 3413 d
491 3358 555 3414 finit
572 3358 653 3424 ΗΡΙ
670 3359 715 3429 ac]
735 3372 752 3410 a
770 3358 814 3411 H¹
831 3357 835 3428 Ι
852 3363 885 3412 22
905 3354 1075 3426 Carpetano-

55 3445 120 3484 rum
140 3429 259 3485 Ousacb.
279 3431 338 3486 coll.
358 3430 425 3485 Liu.
441 3434 488 3496 21,
503 3435 542 3487 23
561 3429 766 3498 carpentarium
785 3429 820 3483 H
836 3429 1075 3497 carpentariorum

58 3501 88 3555 P
108 3502 113 3571 Ι
136 3501 332 3570 relinquerunt
349 3500 394 3555 H¹
419 3503 424 3570 Ι
451 3503 629 3570 quoadque
649 3500 682 3554 H
698 3503 772 3568 quod
789 3499 817 3553 P
842 3505 846 3566 Ι
876 3505 910 3553 23
930 3499 1026 3553 eduxit
1044 3499 1079 3552 H

55 3577 121 3628 orae
139 3589 195 3628 ros.
220 3577 224 3640 Ι
252 3578 286 3628 26
306 3572 510 3628 macedoneslr
