2400 3944
416 181 528 238 nenne
545 180 581 237 Π.
608 179 687 238 ΟᾹΡ.
706 189 732 237 1.
1035 182 1080 248 39

176 344 216 409 X.
241 342 276 424 Si
294 365 345 409 res
364 343 476 410 durius
490 345 636 427 cesserit
650 344 689 410 (le
704 345 848 411 eduetsis
863 345 1081 413 emendantis.

159 431 217 498 XI.
240 432 290 498 De
313 433 485 498 dubiorum
509 432 627 498 animis
649 434 684 498 in
706 434 769 499 fide
789 435 980 501 retinendis.

139 521 216 587 XII.
237 520 500 598 omniscientis
523 524 589 587 sint
610 544 670 607 pro
692 524 823 607 cestris,
844 525 874 588 si
895 524 979 589 sctis
1002 524 1081 590 fidu·

239 685 244 692 φ
278 611 345 676 cine
360 611 395 675 in
408 611 635 694 praesentibus
652 613 754 696 copiis
768 634 835 678 non
848 613 1081 698 hebe<s>mus

122 699 215 767 xlm
238 699 287 765 De
311 700 501 784 effugiendo.
1100 717 1115 768 ὁ

195 910 217 966 1.
245 897 294 964 nn
309 894 486 963 'murone
505 893 555 962 lu
574 892 731 965 nuuusn
749 901 946 966 ntiununo.

133 1056 161 1120 1.
188 1053 225 1121 Ρ.
237 1052 347 1138 Scipio
367 1054 402 1118 in
422 1053 591 1138 Hispanis,
614 1076 687 1120 cum
704 1056 917 1140 comperisset
934 1053 1080 1121 Hasdru·

58 1144 174 1210 belem
196 1141 380 1209 Poenorum
401 1142 515 1208 ducem
529 1143 645 1208 »ieiuno
669 1145 811 1210 enemitu
833 1152 930 1209 m'ene
948 1167 1080 1229 proces·

60 1233 147 1298 sisse
179 1231 214 1296 in
238 1231 357 1316 eciem,
386 1232 550 1297 continuit
580 1232 615 1296 in
646 1233 760 1298 horum
790 1234 966 1318 septimum
995 1256 1080 1319 suos,

61 1320 183 1406 quibus
206 1324 429 1406 praeceperat,
452 1325 489 1385 ut
512 1320 713 1404 quiescerent
731 1323 764 1386 et
780 1323 891 1388 cibum
907 1325 1079 1407 caperent:
1101 1339 1133 1387 10

59 1430 201 1496 cumque
228 1409 340 1475 hostes
367 1409 487 1491 inedia,
513 1410 584 1494 siti,
611 1432 703 1476 mors
731 1412 791 1476 sub
820 1412 919 1476 ermis
947 1412 1081 1497 fatigati

61 1502 210 1583 repetere
234 1502 344 1564 cestre
368 1499 565 1584 coepissent,
593 1500 701 1565 subito
728 1501 840 1584 copies
864 1499 1020 1584 <e>duxit
1048 1505 1081 1565 et
1148 1504 1150 1511 ⁴

61 1588 238 1654 commisso
261 1587 385 1672 proelio
408 1588 497 1655 uicit.

132 1677 162 1740 2.
185 1675 335 1741 Metellus
358 1675 436 1741 Pius
460 1677 496 1741 in
514 1675 674 1760 Hispania
698 1675 852 1742 aduersus
871 1675 1080 1761 Hirtuleium,

61 1786 138 1831 cum
166 1765 222 1829 ille
250 1765 375 1830 oriente
403 1765 551 1849 protinus
575 1765 626 1830 die
649 1766 843 1831 instructam
866 1765 968 1830 aciem
991 1765 1080 1830 uullo
1102 1782 1133 1831 15

62 1853 134 1919 eins
154 1853 366 1938 admouisset,
383 1853 605 1919 feruidissimo
623 1857 702 1919 tunc
724 1857 872 1938 tempore
895 1855 971 1918 anni
994 1855 1081 1919 intre

62 1947 173 2008 cestre
195 1943 356 2008 continuit
379 1965 454 2008 suos
478 1943 512 2009 in
535 1943 651 2008 horem
667 1943 733 2007 diei
753 1945 892 2008 sextam:
915 1945 1014 2027 elque
1032 1944 1081 2008 its

62 2031 221 2115 fatigatos
255 2035 347 2097 aestu
379 2031 476 2097 facile
507 2031 644 2117 integris
672 2033 705 2096 et
732 2031 916 2096 recentibus
947 2053 1079 2096 suorum

63 2119 192 2185 uiribus
215 2119 302 2185 uicit

132 2208 163 2274 3.
184 2207 286 2293 Idem,
299 2208 419 2273 iunctis
436 2220 511 2272 cum
524 2207 681 2294 Pompeio
697 2208 817 2273 castris
837 2207 992 2273 aduersus
1008 2206 1080 2273 Ser·
1098 2226 1132 2275 20

64 2295 187 2364 terium
218 2297 252 2362 in
283 2296 460 2381 Hisponis,
492 2318 566 2363 cum
597 2318 693 2382 saepe
727 2298 938 2362 instruxisset
966 2299 1080 2380 eciem,

63 2385 160 2451 hoste
191 2386 250 2470 qui
280 2386 429 2470 inparem
455 2407 491 2450 se
519 2385 644 2451 duobus
673 2386 824 2452 credebet
855 2407 999 2472 pugnam
1027 2387 1079 2450 de-

64 2476 241 2557 trectante,
263 2475 405 2559 quodem
428 2474 541 2539 deinde
564 2479 709 2559 tempere
732 2473 936 2542 Sertorienus
960 2475 1080 2539 milites

64 2563 351 2629 animaduertisset
369 2583 488 2650 magno
510 2564 637 2649 impetu
654 2563 844 2646 instinctos,
865 2564 1079 2647 (tepescentes
1140 2576 1144 2581 '

64 2672 212 2738 pugnam
243 2672 434 2736 umerosque
466 2655 650 2718 vexserentes
681 2656 716 2717 et
742 2653 873 2718 lencess
904 2652 1081 2735 uibrantes,
1099 2667 1132 2716 cs

66 2741 269 2807 existimauit
302 2741 410 2807 ardori
443 2740 620 2824 cedendum
652 2741 687 2806 in
718 2744 866 2825 tempore
897 2741 1080 2825 recepitque

63 2831 243 2896 exercitum
267 2834 301 2895 et
319 2829 475 2914 Pompeio
499 2829 585 2895 idem
607 2830 746 2895 faciendi
770 2833 884 2897 auctor
905 2829 977 2893 fuit.

132 2920 164 2984 4.
193 2919 381 2985 Postumius
404 2919 518 2985 consul
540 2920 574 2983 in
595 2917 718 3003 Sicilia,
742 2940 816 2984 cum
840 2920 946 2983 castra
969 2917 1037 2981 eins
1061 2939 1080 2982 u

63 3007 197 3073 Punicis
230 3008 331 3073 trium
364 3008 490 3073 milium
526 3031 681 3093 passuum
715 3009 821 3093 spatio
855 3006 1016 3071 distarent
1048 3009 1081 3071 st

138 3205 153 3254 1
171 3201 293 3272 gesserit
309 3200 345 3255 H
355 3198 561 3326 peduerscriis
580 3200 624 3254 Ηι
648 3201 653 3267 Ι
678 3204 695 3252 2
714 3200 749 3254 de
768 3215 818 3255 osu.
833 3198 878 3253 H¹
902 3200 907 3268 1
933 3204 948 3254 3
968 3198 1031 3270 pro]
1050 3197 1081 3253 in

63 3271 116 3342 ΗΙ
141 3271 310 3327 thebemus
320 3272 359 3326 H·
381 3312 390 3338 ,
408 3287 478 3327 corr.
492 3272 511 3327 ol
527 3273 531 3341 Ι
556 3269 736 3397 teffupendo
750 3271 796 3325 H¹
815 3270 819 3343 Ι
845 3278 861 3326 6
876 3268 1012 3341 elegendo
1026 3269 1062 3324 Η
1075 3269 1079 3341 l

65 3342 146 3469 Πὸ]
165 3341 219 3397 Pre
237 3342 282 3410 Pl
306 3349 323 3398 8
342 3342 445 3398 ieiunio
463 3342 529 3411 H¹l
554 3358 622 3397 sene
670 3340 734 3396 GH
739 3341 775 3410 P,
793 3358 862 3398 corr.
880 3341 920 3411 cll
945 3340 1082 3412 processit

64 3427 95 3489 se
143 3413 187 3468 11ι
207 3416 212 3484 Ι
239 3420 271 3470 11
290 3414 329 3469 sit
348 3413 422 3469 eiH
436 3418 500 3470 ante
518 3429 588 3469 corr.
608 3413 613 3483 Ι
640 3419 672 3467 12
692 3413 774 3468 duxit
793 3412 925 3480 OGHP,
947 3429 1016 3468 corr.
1036 3414 1055 3467 ul
1075 3413 1078 3484 l

64 3489 99 3541 lt
118 3485 195 3541 intre
214 3484 241 3540 c
262 3485 293 3540 in
307 3484 391 3553 ΗΡΙ
414 3489 447 3540 18
465 3483 564 3540 faciles
579 3484 641 3541 UH
658 3488 662 3552 Ι
687 3483 890 3540 recentioribus
910 3484 934 3538 0
952 3487 956 3553 Ι
981 3488 1015 3538 25
1035 3499 1080 3538 ex·

63 3557 190 3612 serentes
208 3557 228 3612 d
250 3557 411 3612 exercentes
433 3555 499 3610 GH
502 3556 529 3610 P
548 3558 552 3624 Ι
580 3555 761 3611 uibrantisG
