2400 3944
425 198 536 254 LIBER
553 199 600 253 IV.
638 198 715 254 CAP.
737 207 760 255 7.
1039 201 1102 267 137

86 362 271 446 respondit:
295 360 408 446 ‘aliqui
432 365 465 426 et
488 363 663 447 supersint,
686 361 742 447 qui
766 361 804 426 de
828 361 967 428 uictoria
989 369 1104 430 nostra

85 451 238 517 hostibus
261 450 434 515 nuntient?

156 540 206 605 16.
242 537 351 622 Scipio
375 538 549 605 Africanus
572 539 676 604 dicere
701 540 816 604 solitus
846 544 896 604 est
923 541 1010 605 hosti
1038 564 1104 606 non

87 629 194 693 solum
222 627 361 692 dandam
395 649 465 692 esse
497 628 585 692 uiam
614 629 653 692 ad
681 628 889 712 fugiendum,
918 629 974 693 sed
1002 632 1102 696 etiam

86 716 304 781 muniendam.
1123 738 1140 787 s

158 806 209 870 17.
240 803 364 869 Pachcs
391 803 603 869 Atheniensis
632 805 817 870 adfirmauit
846 805 1025 870 incolumes
1054 807 1104 872 fu-

85 897 179 958 turos
206 894 335 978 hostes,
363 893 392 957 si
416 893 614 977 deponerent
636 893 771 958 fernim:
804 895 912 979 eisque
941 897 1103 961 obsecutis

86 982 329 1047 condicionibus
353 981 537 1065 uniuersos,
561 982 671 1066 quiin
696 983 819 1068 sagulis
841 983 964 1047 ferreas
985 984 1104 1049 fibulas

85 1070 293 1154 habuissent,
316 1071 456 1135 interfici
478 1071 583 1135 iussit

158 1160 209 1224 18.
245 1158 431 1223 Hasdrubal
464 1159 717 1245 subigendorum
753 1157 969 1224 Numidarum
1007 1182 1104 1226 causa
1123 1181 1158 1230 10

85 1249 256 1331 ingressus
284 1249 364 1312 fines
389 1269 499 1313 eorum
523 1249 673 1313 resistere
700 1248 893 1332 parantibus
917 1249 1104 1315 adfirmauit

86 1336 128 1401 ad
153 1337 327 1420 capiendos
356 1358 390 1401 se
413 1337 540 1402 uenisse
564 1336 768 1421 elephantos,
796 1338 913 1421 quibus
941 1337 1032 1403 ferax
1056 1343 1105 1404 est

84 1423 255 1490 Numidia:
285 1430 322 1489 ut
347 1425 410 1490 hoc
437 1426 677 1508 permitterent,
705 1427 915 1509 poscentibus
939 1428 1103 1510 <pretium

84 1513 182 1598 cum>
215 1514 433 1597 promisisset,
466 1536 504 1578 ea
535 1515 745 1599 persuasione
779 1518 933 1579 auocatos
972 1516 1102 1580 adortus

84 1603 148 1667 sub
171 1603 260 1686 leges
283 1603 417 1686 redegit.
1124 1623 1157 1672 15

157 1691 207 1756 19.
239 1691 372 1755 Alcetas
394 1690 679 1775 Lacedaemonius,
701 1695 738 1755 ut
761 1690 991 1756 Thebanorum
1014 1714 1101 1758 com-

84 1783 230 1844 meatum
252 1779 380 1844 iacilius
406 1801 444 1844 ex
466 1779 635 1863 inopinato
655 1779 895 1863 adgrederetur,
917 1781 952 1844 in
976 1782 1102 1846 occulto

83 1869 211 1956 paratis
234 1868 386 1951 nauibus,
413 1871 581 1953 tamquam
606 1889 702 1932 unam
730 1869 863 1932 omnino
886 1869 1024 1934 haberet
1046 1870 1103 1935 tri·

84 1979 218 2036 remem,
232 1956 359 2021 uicibus
369 1957 404 2020 in
414 1978 452 2021 ea
465 1958 623 2041 remigem
638 1957 820 2022 exercebat:
835 1957 975 2041 quodam
989 1958 1103 2022 deinde

83 2051 232 2131 tempore
255 2046 360 2110 omnis
379 2067 479 2111 naues
503 2046 537 2110 in
555 2045 729 2111 Thebanos
752 2047 1030 2131 transnauigantis
1054 2048 1101 2110 in·
1121 2066 1158 2116 20

84 2136 175 2200 misit
199 2139 232 2199 et
255 2134 489 2200 commeatibus
513 2157 624 2200 eorum
647 2135 770 2219 potitus
794 2138 853 2200 est.

153 2225 205 2290 20.
238 2222 448 2288 Ptolomaeus
468 2224 622 2288 aduersus
636 2223 824 2289 Perdiccam
843 2224 987 2288 exercitu
1009 2246 1102 2307 prae-

84 2313 263 2396 ualentem,
290 2311 360 2394 ipse
387 2311 567 2395 inualidus,
591 2334 685 2377 omne
708 2312 865 2396 pecudum
889 2332 1005 2396 genus,
1028 2313 1103 2376 reli·

83 2401 174 2487 gatis
199 2401 239 2465 ad
261 2402 390 2484 tergum
419 2422 500 2484 quae
527 2400 694 2465 traherent
722 2403 909 2485 sarmentis,
942 2400 1102 2486 agendum

85 2511 145 2574 per
167 2511 288 2573 paucos
312 2491 441 2554 curauit
463 2489 603 2574 equites:
625 2490 696 2572 ipse
719 2511 930 2575 praegressus
955 2512 1026 2556 cum
1050 2512 1101 2555 co·
1120 2509 1156 2559 25

85 2578 150 2662 piis
175 2600 254 2662 quas
277 2578 422 2643 habebat
444 2577 558 2661 effecit,
580 2582 618 2641 ut
640 2578 762 2662 puluis,
790 2600 885 2663 quem
910 2600 1028 2663 pecora
1050 2601 1102 2643 ex-

157 2793 174 2842 3
193 2787 342 2842 affricanus
359 2789 385 2844 G
401 2791 439 2855 14
457 2787 494 2842 ad
507 2786 672 2856 fugiendum
684 2787 748 2843 GH
751 2787 779 2841 P
789 2786 920 2869 fugiendi
931 2789 950 2843 d
966 2789 969 2858 Ι
986 2794 1002 2842 6
1021 2787 1101 2843 athe-

84 2858 197 2914 nienses
211 2858 237 2913 G
252 2862 257 2927 Ι
274 2865 289 2913 8
304 2858 422 2925 singulis
436 2859 480 2914 Η1
497 2863 501 2927 Ι
519 2863 552 2911 10
566 2858 797 2939 subigensdorum
814 2859 842 2911 P
859 2856 991 2927 subigens
1006 2859 1102 2913 dolum

83 2932 104 2986 d
124 2933 129 2999 Ι
156 2935 190 2984 13
208 2928 324 2984 numida
343 2931 392 2997 ΡΙ
417 2947 476 3000 per
485 2931 540 2985 hoc
559 2930 578 2984 d
598 2932 602 2998 Ι
627 2928 748 3013 pretium
772 2944 835 2981 cum
859 2929 1044 2999 promisisset,
1069 2946 1103 2984 θα

83 3001 188 3056 Hartcl
205 2999 337 3070 promissi
355 3001 409 3058 site
427 3018 445 3056 a
461 3001 487 3056 G
505 3000 650 3070 promissis
669 3000 698 3053 id
713 3015 747 3053 θα
762 3001 865 3068 (perime
880 3017 892 3052 s
906 3001 1102 3079 superscripto,

84 3074 169 3128 tertia
187 3089 201 3126 s
219 3075 251 3127 in
268 3089 323 3127 ras.
344 3074 403 3140 (sed
424 3088 481 3127 ooo
499 3075 512 3125 t
529 3072 648 3141 fuerat),
670 3070 735 3125 id'
723 3088 755 3126 m
777 3073 846 3138 ros.)
865 3071 901 3124 H
919 3068 1052 3138 promisit
1074 3074 1103 3126 st

84 3161 119 3199 θα
139 3143 168 3197 P
189 3143 368 3198 securitatem
387 3142 518 3212 promisit
536 3143 565 3197 et
583 3159 618 3198 θα
635 3145 654 3198 d
675 3146 679 3212 Ι
701 3147 735 3196 14
754 3142 854 3196 adortu
875 3140 901 3195 G
924 3142 1025 3194 abortu
1044 3141 1079 3194 H
1096 3141 1100 3212 Ι

86 3221 119 3268 15
143 3213 250 3282 redigit
267 3213 312 3267 Ηι
332 3216 336 3283 Ι
362 3220 395 3270 17
415 3213 566 3283 exopinato
585 3214 621 3268 Η
638 3216 642 3282 Ι
668 3220 701 3268 19
721 3230 755 3268 θα
772 3214 791 3267 d
819 3230 881 3267 eam
901 3212 995 3267 GHP
1012 3214 1017 3279 Ι
1042 3228 1102 3265 rem

83 3284 134 3354 ign
136 3302 180 3340 em
204 3285 248 3338 H¹
269 3286 273 3353 Ι
298 3290 333 3339 20
357 3301 452 3340 omnes
476 3285 532 3352 ΗΙ
555 3288 648 3339 221
612 3283 773 3339 Ptolomeus
797 3285 823 3340 G
849 3282 1030 3340 Ptholemeus
1053 3282 1103 3337 Η1

83 3355 268 3411 Ptholomeus
284 3357 353 3425 bPl
369 3356 526 3425 perdictam
541 3357 576 3410 Η
580 3356 590 3386 ¹
608 3355 783 3425 praedictum
797 3357 815 3410 b
831 3358 835 3424 Ι
852 3354 1005 3410 exercitum
1021 3352 1087 3408 GH
1096 3353 1099 3423 Ι

84 3433 120 3482 24
139 3433 169 3480 at
171 3444 269 3495 ergum
283 3427 311 3481 P
327 3445 344 3481 a
360 3429 441 3493 tergo
455 3429 474 3482 d
490 3430 494 3494 Ι
511 3426 659 3482 sarmentis
671 3426 821 3496 Wesseliop
836 3425 976 3496 carpentis
992 3423 1058 3479 GH
1062 3425 1102 3478 P

83 3499 120 3566 cf.
139 3499 272 3568 Polyaea.
286 3501 370 3564 4,19.
398 3497 496 3554 Froot.
512 3504 541 3566 2,
556 3503 612 3566 4,1
638 3499 643 3567 Ι
668 3503 702 3551 26
722 3497 884 3553 exciebant
905 3495 944 3566 G
966 3498 1039 3566 quod
1057 3497 1101 3551 dc-

83 3571 174 3638 feadit
193 3539 370 3624 Zecbmeister
