2400 3944
138 119 202 183 120
340 116 416 172 IULI
434 115 612 172 PRONTINI
632 112 960 172 STRATEGEMATON

136 287 203 347 tres
226 281 390 358 cohortes,
419 300 500 364 quse
529 279 569 343 sd
597 279 768 344 castellum
792 279 892 345 Initia
913 280 1066 346 hostibus
1088 301 1139 345 ces·

138 373 266 452 serant,
299 373 391 434 extra
419 368 541 432 uallum
573 367 670 432 iussit
701 368 854 452 tendere,
886 369 988 434 donec
1022 369 1140 434 adsiduo

137 460 249 524 labore
287 462 320 522 et
354 458 518 541 prosperis
556 456 799 522 excursionibus
835 457 1035 526 redimerent
1066 459 1141 544 igno

138 569 282 612 mmmm.

103 652 119 701 c
206 637 258 701 22.
291 634 444 699 Aurelius
473 631 569 700 Cotta
597 634 723 716 consul,
756 656 827 699 cum
852 634 892 699 ed
923 657 1008 719 opus
1033 636 1144 720 equites

138 726 333 790 necessitate
361 726 498 808 cogente
525 722 675 787 iussisset
704 722 855 789 accedere
879 745 1059 808 eorumque
1081 745 1146 808 pers
1190 730 1194 831 1

138 814 354 879 detractasset
377 811 564 895 imperium,
593 814 726 895 questus
756 811 841 895 apud
865 833 1020 878 censores
1044 812 1147 891 effecit,

139 907 176 967 ut
193 904 399 984 notarentur;
423 899 609 984 apetribus
628 898 743 964 deinde
762 901 913 986 obtinuit,
936 922 977 966 ne
998 902 1047 966 eis
1070 922 1148 986 pree

139 991 238 1056 terite
253 1012 329 1055 aere
343 989 565 1073 procederent,
587 987 711 1052 tribuni
726 1010 853 1073 quoqne
871 990 975 1074 plebis
992 990 1034 1055 de
1049 991 1150 1057 ecdem

88 1096 120 1146 10
139 1101 173 1144 re
198 1079 238 1143 ed
261 1079 417 1163 populum
441 1078 646 1162 pertulerunt
673 1078 880 1162 omniumque
908 1099 1071 1145 consensu
1094 1083 1150 1144 ste·

140 1169 236 1233 bilita
259 1166 430 1249 disciplina
453 1170 510 1231 est.

207 1256 259 1322 23.
290 1255 326 1332 Q.
349 1254 499 1319 Metellus
523 1252 751 1320 Macedonicus
774 1254 994 1340 in'Hispenie
1018 1257 1153 1342 quinque

140 1344 298 1426 cohortes,
322 1364 403 1428 quse
426 1343 576 1408 hostibus
600 1346 772 1428 cesserunt,
794 1347 1031 1411 testamentum
1053 1346 1153 1412 fecere

140 1434 245 1498 iussas
269 1433 310 1497 ad
338 1433 444 1496 locum
476 1432 722 1516 reciperandum
753 1434 895 1518 remisit,
923 1434 1071 1500 minatus
1094 1455 1154 1500 ncn

88 1537 121 1586 1⁶
139 1523 202 1586 nisi
226 1525 302 1605 post
323 1522 495 1586 uictoriam
518 1525 684 1604 receptum
706 1521 756 1586 iri.

207 1612 260 1676 24.
291 1608 326 1676 Ρ.
350 1609 482 1675 Valerio
512 1610 638 1674 consuli
666 1614 797 1675 senatus
824 1610 1007 1695 praecepit,
1040 1612 1153 1677 exerci-

140 1702 210 1764 tum
235 1699 274 1763 ed
299 1696 396 1764 Sirim
419 1699 542 1764 uictum
573 1698 688 1764 ducere
712 1697 888 1784 Saepinum
915 1699 1028 1784 ibique
1052 1705 1153 1766 cestre

141 1788 267 1853 munire
291 1792 324 1852 et
346 1788 485 1852 hiemem
510 1788 570 1852 sub
593 1788 743 1852 tentoriis
767 1788 903 1872 exigere.

208 1878 284 1942 2412.
322 1875 478 1960 Senatus,
514 1898 587 1940 cum
623 1877 763 1959 turpiter
794 1875 900 1961 fugati
932 1877 1002 1941 eius
1036 1877 1152 1942 milites

88 1981 122 2030 2ο
142 1971 263 2048 essent,
290 1965 447 2047 decreuit,
478 1986 520 2029 ne
548 1965 669 2030 auxilia
692 1964 738 2029 eis
768 1965 1066 2051 summitterentur,
1097 1964 1153 2031 nisi

141 2055 245 2138 captis
269 2055 337 2119 eius
360 2051 446 2094 Η*

208 2143 260 2207 25.
288 2143 495 2227 Legionibus,
518 2163 601 2226 quee
615 2141 737 2207 Punico
756 2143 843 2207 bello
861 2143 1015 2207 militiam
1034 2143 1154 2209 debec-

141 2235 303 2314 tauerent,
326 2232 359 2296 in
376 2230 519 2297 Siciliam
538 2231 629 2295 uelut
646 2233 800 2316 relegetis
823 2253 882 2315 per
905 2235 1032 2317 septem
1058 2251 1154 2298 annos

141 2319 299 2384 hordeum
323 2342 362 2384 ex
386 2319 688 2385 senatusconsulto
713 2319 825 2386 datum
849 2323 908 2385 est

90 2422 123 2472 25
210 2408 262 2472 26.
296 2407 329 2472 L.
353 2407 429 2473 Piso
454 2406 488 2473 O.
512 2407 635 2473 Titium
659 2409 859 2492 praefectum
881 2409 1043 2494 cohortis,
1076 2407 1155 2495 quod

199 2571 213 2618 1
233 2563 315 2619 initia
327 2564 391 2620 GH
405 2563 488 2619 initio
499 2565 528 2619 P
543 2583 605 2620 cum
624 2565 725 2620 Paccio
742 2565 812 2620 0αά.
830 2566 888 2620 coll.
907 2564 969 2621 Tac.
984 2582 1053 2623 ann.
1070 2570 1116 2635 13,
1124 2567 1157 2621 36

143 2636 173 2690 in
187 2635 247 2690 scie
261 2636 404 2690 Herelius:
422 2637 469 2691 sed
482 2653 579 2691 uomere
592 2636 697 2691 castelli
715 2638 806 2703 latere,
825 2638 851 2690 si
864 2637 943 2691 oredo
956 2652 1014 2692 uox
1027 2642 1157 2707 correpte

143 2713 190 2773 esi,
202 2713 303 2762 cerium
316 2708 428 2762 uidetur
444 2706 449 2778 Ι
465 2712 480 2762 5
493 2707 526 2761 A.
538 2706 661 2762 aurelius
673 2706 708 2761 H
712 2707 722 2738 ¹
737 2706 742 2779 Ι
759 2712 773 2760 'l
786 2707 969 2762 detrectcsset
982 2708 1035 2762 er
1048 2710 1053 2778 Ι
1071 2713 1106 2763 14
1119 2723 1157 2762 re·

144 2777 332 2847 superandum
351 2778 420 2845 lPl
438 2784 471 2832 16
489 2779 596 2833 unlerio
612 2779 670 2846 (sed
688 2797 707 2832 u
724 2779 923 2848 superemipte)
938 2777 990 2845 ΗΙ
1008 2784 1043 2834 17
1064 2778 1157 2850 Saepi-

143 2866 210 2903 num
224 2851 324 2918 scripsi
336 2849 458 2904 serinum
469 2849 530 2904 GH
533 2849 561 2902 P
573 2850 684 2903 firmum
694 2849 713 2904 d
725 2848 756 2903 in
766 2849 910 2904 Samnium
920 2849 1049 2905 Niebuhr
1055 2850 1157 2916 (Boos.

147 2920 238 2976 (lescle.
258 2924 285 2987 3,
304 2924 372 2989 584)
393 2920 430 2974 ed
449 2919 629 2975 Ferentinum
647 2921 729 2988 idem,
752 2922 799 2975 eei
817 2921 1013 2976 adsentiuntur
1031 2920 1157 2994 Drcyser

143 2992 250 3056 (Gescl.
261 2992 306 3045 dec
316 2992 390 3047 Heli.
401 2993 423 3045 I
425 2992 444 3044 I
444 2992 465 3044 1
477 2991 515 3056 1²,
526 2994 593 3060 148)
608 2997 633 3046 ei
646 2991 823 3046 Wackernuil
838 2990 869 3046 in
880 2990 1008 3046 Setinum
1018 2990 1154 3062 Scheliucl

144 3060 248 3131 ubique
263 3063 297 3115 H
310 3067 314 3130 Ι
332 3068 365 3117 18
384 3063 497 3117 hiemen
511 3062 537 3117 G
553 3063 557 3131 Ι
575 3068 607 3117 19
626 3063 676 3118 loc
689 3064 840 3132 exemplem
855 3063 950 3118 misor
967 3070 1158 3133 corruptura

140 3135 277 3202 proximis
295 3151 352 3189 reon
371 3135 547 3205 diclinpuwut
565 3135 669 3189 codices
689 3135 693 3205 Ι
714 3133 786 3204 eius]
811 3131 936 3188 eiusdem
959 3140 1117 3203 exspectas,
1135 3133 1158 3187 si

144 3205 182 3259 cd
194 3204 333 3259 Valerium
349 3207 466 3272 refertur
483 3213 486 3265 Ι
503 3210 538 3260 20
557 3205 597 3260 eis
613 3204 673 3259 GH
688 3205 715 3259 ei
729 3205 773 3272 ΡΙ
790 3210 823 3259 21
838 3205 897 3260 eius
912 3210 963 3259 lem
982 3211 1045 3260 tore
1062 3206 1157 3261 nolin:

139 3276 228 3343 plura
250 3278 409 3330 exciderunt
429 3278 434 3345 1
454 3275 510 3331 nisi
529 3276 619 3345 ceptis
639 3277 669 3330 et
686 3275 770 3331 uictis
793 3274 930 3331 hostibus.
994 3273 1017 3329 ‘s
1041 3275 1156 3348 legioni·

145 3345 198 3400 bus
212 3346 230 3399 d
246 3348 250 3415 Ι
267 3352 301 3400 22
317 3346 574 3403 detrecteuerentl
590 3351 594 3414 1
610 3353 644 3402 23
659 3345 786 3416 religatis
799 3347 850 3402 leP
863 3349 868 3416 1
885 3345 952 3401 ‚vn
965 3344 994 3400 G
1009 3349 1014 3416 ξ
1030 3353 1066 3402 25
1086 3345 1156 3418 pisso

144 3416 188 3542 ff
205 3418 209 3483 Ι
230 3417 311 3541 Οὲιὸ.
327 3419 357 3471 Η
365 3419 391 3471 Ρ
405 3423 478 3475 cons.
495 3419 520 3473 G
539 3419 633 3474 consul
656 3417 683 3473 (l.
699 3418 770 3473 Ded.
785 3419 843 3473 coll.
858 3417 918 3473 Vol.
934 3418 1018 3474 Mar.
1033 3421 1065 3488 2,
1080 3423 1107 3488 7,
1121 3421 1137 3474 9
1150 3415 1153 3488 l

157 3506 167 3541 1
180 3504 228 3541 um
