<?xml version="1.0" encoding="UTF-8"?>
<!DOCTYPE html PUBLIC "-//W3C//DTD XHTML 1.0 Transitional//EN"
    "http://www.w3.org/TR/xhtml1/DTD/xhtml1-transitional.dtd">
<html xmlns="http://www.w3.org/1999/xhtml" xml:lang="en" lang="en">
 <head>
  <title>
</title>
<meta http-equiv="Content-Type" content="text/html;charset=utf-8" />
  <meta name='ocr-system' content='tesseract 3.04.00' />
  <meta name='ocr-capabilities' content='ocr_page ocr_carea ocr_par ocr_line ocrx_word'/>
</head>
<body>
  <div class='ocr_page' id='page_1' title='image "./ivlifrontinistr00gundgoog_0158.png"; bbox 0 0 2400 3944; ppageno 0'>
   <div class='ocr_carea' id='block_1_1' title="bbox 397 194 1093 259">
    <p class='ocr_par' dir='ltr' id='par_1_1' title="bbox 397 194 1093 259">
     <span class='ocr_line' id='line_1_1' title="bbox 397 194 1093 259; baseline 0.017 -11"><span class='ocrx_word' id='word_1_1' title='bbox 397 194 506 248; x_wconf 85' lang='lat' dir='ltr'>LIBER</span> <span class='ocrx_word' id='word_1_2' title='bbox 523 195 570 252; x_wconf 89' lang='lat' dir='ltr'>IV.</span> <span class='ocrx_word' id='word_1_3' title='bbox 599 194 676 250; x_wconf 83' lang='lat' dir='ltr'>oAP.</span> <span class='ocrx_word' id='word_1_4' title='bbox 696 200 774 250; x_wconf 79' lang='grc'>5-6.</span> <span class='ocrx_word' id='word_1_5' title='bbox 1028 194 1093 259; x_wconf 84' lang='grc'>133</span> 
     </span>
    </p>
   </div>
   <div class='ocr_carea' id='block_1_2' title="bbox 66 357 1147 1486">
    <p class='ocr_par' dir='ltr' id='par_1_2' title="bbox 76 357 1094 513">
     <span class='ocr_line' id='line_1_2' title="bbox 76 357 1094 443; baseline 0.001 -21"><span class='ocrx_word' id='word_1_6' title='bbox 76 379 145 423; x_wconf 91' lang='lat' dir='ltr'>rem</span> <span class='ocrx_word' id='word_1_7' title='bbox 166 360 273 422; x_wconf 90' lang='lat' dir='ltr'>autem</span> <span class='ocrx_word' id='word_1_8' title='bbox 293 357 428 422; x_wconf 87' lang='lat' dir='ltr'>uixisse:</span> <span class='ocrx_word' id='word_1_9' title='bbox 451 358 548 423; x_wconf 89' lang='lat' dir='ltr'>fidem</span> <span class='ocrx_word' id='word_1_10' title='bbox 566 361 678 423; x_wconf 88' lang='lat' dir='ltr'>tamen</span> <span class='ocrx_word' id='word_1_11' title='bbox 697 379 826 423; x_wconf 90' lang='lat' dir='ltr'>seruare</span> <span class='ocrx_word' id='word_1_12' title='bbox 840 357 1000 424; x_wconf 86' lang='lat' dir='ltr'>Romanis</span> <span class='ocrx_word' id='word_1_13' title='bbox 1022 381 1094 443; x_wconf 87' lang='lat' dir='ltr'>per·</span> 
     </span>
     <span class='ocr_line' id='line_1_3' title="bbox 76 450 318 513; baseline -0.004 -1"><span class='ocrx_word' id='word_1_14' title='bbox 76 450 318 513; x_wconf 88' lang='lat' dir='ltr'>seuerauerunt.</span> 
     </span>
    </p>

    <p class='ocr_par' dir='ltr' id='par_1_3' title="bbox 66 533 1130 1043">
     <span class='ocr_line' id='line_1_4' title="bbox 144 533 1094 620; baseline -0.002 -20"><span class='ocrx_word' id='word_1_15' title='bbox 144 537 198 601; x_wconf 82' lang='lat'>21.</span> <span class='ocrx_word' id='word_1_16' title='bbox 222 533 374 618; x_wconf 83' lang='lat' dir='ltr'>Cyzicum</span> <span class='ocrx_word' id='word_1_17' title='bbox 393 557 466 600; x_wconf 91' lang='lat' dir='ltr'>cum</span> <span class='ocrx_word' id='word_1_18' title='bbox 489 538 694 620; x_wconf 75' lang='lat' dir='ltr'>oppugnaret</span> <span class='ocrx_word' id='word_1_19' title='bbox 707 534 924 617; x_wconf 73' lang='lat' dir='ltr'>Mithridates,</span> <span class='ocrx_word' id='word_1_20' title='bbox 948 535 1094 620; x_wconf 89' lang='lat' dir='ltr'>captiuos</span> 
     </span>
     <span class='ocr_line' id='line_1_5' title="bbox 73 623 1094 708; baseline -0.001 -19"><span class='ocrx_word' id='word_1_21' title='bbox 73 627 145 689; x_wconf 91' lang='lat' dir='ltr'>eius</span> <span class='ocrx_word' id='word_1_22' title='bbox 178 625 269 688; x_wconf 89' lang='lat' dir='ltr'>urbis</span> <span class='ocrx_word' id='word_1_23' title='bbox 302 623 455 708; x_wconf 84' lang='lat' dir='ltr'>produxit</span> <span class='ocrx_word' id='word_1_24' title='bbox 487 623 692 708; x_wconf 75' lang='lat' dir='ltr'>ostenditque</span> <span class='ocrx_word' id='word_1_25' title='bbox 723 625 884 707; x_wconf 85' lang='lat' dir='ltr'>obsessis,</span> <span class='ocrx_word' id='word_1_26' title='bbox 916 625 1094 688; x_wconf 74' lang='lat' dir='ltr'>arbitratus</span> 
     </span>
     <span class='ocr_line' id='line_1_6' title="bbox 69 711 1130 797; baseline 0.001 -21"><span class='ocrx_word' id='word_1_27' title='bbox 69 714 235 794; x_wconf 87' lang='lat' dir='ltr'>futurum,</span> <span class='ocrx_word' id='word_1_28' title='bbox 263 715 300 776; x_wconf 92' lang='lat' dir='ltr'>ut</span> <span class='ocrx_word' id='word_1_29' title='bbox 323 711 532 776; x_wconf 87' lang='lat' dir='ltr'>miseratione</span> <span class='ocrx_word' id='word_1_30' title='bbox 556 735 688 779; x_wconf 86' lang='lat' dir='ltr'>suorum</span> <span class='ocrx_word' id='word_1_31' title='bbox 713 713 922 797; x_wconf 87' lang='lat' dir='ltr'>compelleret</span> <span class='ocrx_word' id='word_1_32' title='bbox 945 713 985 776; x_wconf 89' lang='lat' dir='ltr'>ad</span> <span class='ocrx_word' id='word_1_33' title='bbox 1010 713 1130 777; x_wconf 80' lang='lat' dir='ltr'>dedi-5</span> 
     </span>
     <span class='ocr_line' id='line_1_7' title="bbox 68 799 1095 885; baseline 0 -19"><span class='ocrx_word' id='word_1_34' title='bbox 68 803 201 866; x_wconf 90' lang='lat' dir='ltr'>tionem</span> <span class='ocrx_word' id='word_1_35' title='bbox 225 799 416 883; x_wconf 84' lang='lat' dir='ltr'>oppidanos:</span> <span class='ocrx_word' id='word_1_36' title='bbox 441 804 475 864; x_wconf 87' lang='lat' dir='ltr'>ut</span> <span class='ocrx_word' id='word_1_37' title='bbox 497 802 547 865; x_wconf 93' lang='lat' dir='ltr'>illi</span> <span class='ocrx_word' id='word_1_38' title='bbox 567 801 731 867; x_wconf 86' lang='lat' dir='ltr'>cohortati</span> <span class='ocrx_word' id='word_1_39' title='bbox 753 802 793 865; x_wconf 90' lang='lat' dir='ltr'>ad</span> <span class='ocrx_word' id='word_1_40' title='bbox 816 800 1005 885; x_wconf 89' lang='lat' dir='ltr'>patiendam</span> <span class='ocrx_word' id='word_1_41' title='bbox 1029 800 1095 866; x_wconf 89' lang='lat' dir='ltr'>for·</span> 
     </span>
     <span class='ocr_line' id='line_1_8' title="bbox 66 889 1095 973; baseline -0.002 -19"><span class='ocrx_word' id='word_1_42' title='bbox 66 892 156 954; x_wconf 89' lang='lat' dir='ltr'>titer</span> <span class='ocrx_word' id='word_1_43' title='bbox 180 892 319 952; x_wconf 91' lang='lat' dir='ltr'>mortem</span> <span class='ocrx_word' id='word_1_44' title='bbox 347 889 494 972; x_wconf 87' lang='lat' dir='ltr'>captiuos</span> <span class='ocrx_word' id='word_1_45' title='bbox 523 911 652 955; x_wconf 84' lang='lat' dir='ltr'>seruare</span> <span class='ocrx_word' id='word_1_46' title='bbox 675 889 834 955; x_wconf 89' lang='lat' dir='ltr'>Romanis</span> <span class='ocrx_word' id='word_1_47' title='bbox 862 889 959 954; x_wconf 89' lang='lat' dir='ltr'>fidem</span> <span class='ocrx_word' id='word_1_48' title='bbox 988 910 1095 973; x_wconf 87' lang='lat' dir='ltr'>perse·</span> 
     </span>
     <span class='ocr_line' id='line_1_9' title="bbox 66 979 283 1043; baseline -0.014 0"><span class='ocrx_word' id='word_1_49' title='bbox 66 979 283 1043; x_wconf 88' lang='lat' dir='ltr'>uerauerunt.</span> 
     </span>
    </p>

    <p class='ocr_par' dir='ltr' id='par_1_4' title="bbox 68 1063 1147 1328">
     <span class='ocr_line' id='line_1_10' title="bbox 146 1063 1095 1149; baseline 0 -20"><span class='ocrx_word' id='word_1_50' title='bbox 146 1066 197 1130; x_wconf 82' lang='grc'>22.</span> <span class='ocrx_word' id='word_1_51' title='bbox 231 1063 454 1149; x_wconf 82' lang='lat' dir='ltr'>Segouienses,</span> <span class='ocrx_word' id='word_1_52' title='bbox 478 1087 550 1130; x_wconf 87' lang='lat' dir='ltr'>eum</span> <span class='ocrx_word' id='word_1_53' title='bbox 570 1065 755 1132; x_wconf 90' lang='lat' dir='ltr'>aViriatho</span> <span class='ocrx_word' id='word_1_54' title='bbox 779 1067 829 1131; x_wconf 89' lang='lat' dir='ltr'>his</span> <span class='ocrx_word' id='word_1_55' title='bbox 847 1067 943 1130; x_wconf 90' lang='lat' dir='ltr'>liberi</span> <span class='ocrx_word' id='word_1_56' title='bbox 967 1069 999 1130; x_wconf 88' lang='lat' dir='ltr'>et</span> <span class='ocrx_word' id='word_1_57' title='bbox 1022 1087 1095 1129; x_wconf 93' lang='lat' dir='ltr'>con·</span> 
     </span>
     <span class='ocr_line' id='line_1_11' title="bbox 68 1153 1147 1240; baseline 0.001 -21"><span class='ocrx_word' id='word_1_58' title='bbox 68 1157 171 1237; x_wconf 87' lang='lat' dir='ltr'>iuges</span> <span class='ocrx_word' id='word_1_59' title='bbox 201 1153 425 1235; x_wconf 82' lang='lat' dir='ltr'>redderentur,</span> <span class='ocrx_word' id='word_1_60' title='bbox 457 1157 734 1237; x_wconf 87' lang='lat' dir='ltr'>praeoptauerunt</span> <span class='ocrx_word' id='word_1_61' title='bbox 762 1160 908 1240; x_wconf 87' lang='lat' dir='ltr'>spectare</span> <span class='ocrx_word' id='word_1_62' title='bbox 938 1154 1095 1238; x_wconf 89' lang='lat' dir='ltr'>supplicia</span> <span class='ocrx_word' id='word_1_63' title='bbox 1114 1169 1147 1220; x_wconf 87' lang='grc'><strong>10</strong></span> 
     </span>
     <span class='ocr_line' id='line_1_12' title="bbox 71 1242 936 1328; baseline 0.001 -21"><span class='ocrx_word' id='word_1_64' title='bbox 71 1244 252 1328; x_wconf 80' lang='lat' dir='ltr'>pignorum</span> <span class='ocrx_word' id='word_1_65' title='bbox 277 1264 423 1325; x_wconf 88' lang='lat' dir='ltr'>suorum,</span> <span class='ocrx_word' id='word_1_66' title='bbox 446 1263 543 1326; x_wconf 88' lang='lat' dir='ltr'>quam</span> <span class='ocrx_word' id='word_1_67' title='bbox 568 1264 587 1306; x_wconf 90' lang='lat' dir='ltr'>a</span> <span class='ocrx_word' id='word_1_68' title='bbox 610 1242 768 1307; x_wconf 89' lang='lat' dir='ltr'>Romanis</span> <span class='ocrx_word' id='word_1_69' title='bbox 792 1244 936 1308; x_wconf 88' lang='lat' dir='ltr'>deficere.</span> 
     </span>
    </p>

    <p class='ocr_par' dir='ltr' id='par_1_5' title="bbox 74 1329 1094 1486">
     <span class='ocr_line' id='line_1_13' title="bbox 145 1329 1094 1417; baseline -0.001 -20"><span class='ocrx_word' id='word_1_70' title='bbox 145 1331 198 1397; x_wconf 81' lang='lat'>23.</span> <span class='ocrx_word' id='word_1_71' title='bbox 230 1329 436 1412; x_wconf 85' lang='lat' dir='ltr'>Numantini,</span> <span class='ocrx_word' id='word_1_72' title='bbox 463 1352 504 1394; x_wconf 88' lang='lat' dir='ltr'>ne</span> <span class='ocrx_word' id='word_1_73' title='bbox 529 1352 563 1396; x_wconf 91' lang='lat' dir='ltr'>se</span> <span class='ocrx_word' id='word_1_74' title='bbox 592 1330 760 1416; x_wconf 87' lang='lat' dir='ltr'>dederent,</span> <span class='ocrx_word' id='word_1_75' title='bbox 787 1332 872 1397; x_wconf 88' lang='lat' dir='ltr'>fame</span> <span class='ocrx_word' id='word_1_76' title='bbox 896 1332 980 1398; x_wconf 88' lang='lat' dir='ltr'>mori</span> <span class='ocrx_word' id='word_1_77' title='bbox 1003 1353 1094 1417; x_wconf 88' lang='lat' dir='ltr'>prae·</span> 
     </span>
     <span class='ocr_line' id='line_1_14' title="bbox 74 1419 845 1486; baseline 0.001 -1"><span class='ocrx_word' id='word_1_78' title='bbox 74 1421 151 1485; x_wconf 84' lang='lat' dir='ltr'>fixis</span> <span class='ocrx_word' id='word_1_79' title='bbox 175 1419 298 1484; x_wconf 88' lang='lat' dir='ltr'>foribus</span> <span class='ocrx_word' id='word_1_80' title='bbox 323 1419 477 1484; x_wconf 90' lang='lat' dir='ltr'>domuum</span> <span class='ocrx_word' id='word_1_81' title='bbox 500 1441 630 1484; x_wconf 89' lang='lat' dir='ltr'>suarum</span> <span class='ocrx_word' id='word_1_82' title='bbox 654 1420 845 1486; x_wconf 85' lang='lat' dir='ltr'>maluerunt.</span> 
     </span>
    </p>
   </div>
   <div class='ocr_carea' id='block_1_3' title="bbox 248 1627 920 1684">
    <p class='ocr_par' dir='ltr' id='par_1_6' title="bbox 248 1627 920 1684">
     <span class='ocr_line' id='line_1_15' title="bbox 248 1627 920 1684; baseline -0.003 -1"><span class='ocrx_word' id='word_1_83' title='bbox 248 1629 295 1683; x_wconf 91' lang='lat' dir='ltr'>VI.</span> <span class='ocrx_word' id='word_1_84' title='bbox 324 1629 372 1682; x_wconf 84' lang='lat' dir='ltr'>DE</span> <span class='ocrx_word' id='word_1_85' title='bbox 391 1627 558 1684; x_wconf 77' lang='lat' dir='ltr'>AFFECTU</span> <span class='ocrx_word' id='word_1_86' title='bbox 577 1629 625 1683; x_wconf 86' lang='lat' dir='ltr'>ET</span> <span class='ocrx_word' id='word_1_87' title='bbox 645 1628 920 1684; x_wconf 80' lang='lat' dir='ltr'><strong>MODERATIONE.</strong></span> 
     </span>
    </p>
   </div>
   <div class='ocr_carea' id='block_1_4' title="bbox 76 1772 1148 2745">
    <p class='ocr_par' dir='ltr' id='par_1_7' title="bbox 76 1772 1146 2036">
     <span class='ocr_line' id='line_1_16' title="bbox 148 1772 1146 1855; baseline 0 -17"><span class='ocrx_word' id='word_1_88' title='bbox 148 1777 177 1839; x_wconf 88' lang='lat'>1.</span> <span class='ocrx_word' id='word_1_89' title='bbox 210 1773 246 1850; x_wconf 83' lang='lat' dir='ltr'>Q.</span> <span class='ocrx_word' id='word_1_90' title='bbox 277 1772 400 1837; x_wconf 85' lang='lat' dir='ltr'>Fabius</span> <span class='ocrx_word' id='word_1_91' title='bbox 432 1773 585 1838; x_wconf 82' lang='lat' dir='ltr'>hortante</span> <span class='ocrx_word' id='word_1_92' title='bbox 617 1773 701 1855; x_wconf 86' lang='lat' dir='ltr'>filio,</span> <span class='ocrx_word' id='word_1_93' title='bbox 736 1775 773 1835; x_wconf 93' lang='lat' dir='ltr'>ut</span> <span class='ocrx_word' id='word_1_94' title='bbox 804 1773 912 1836; x_wconf 90' lang='lat' dir='ltr'>locum</span> <span class='ocrx_word' id='word_1_95' title='bbox 943 1772 1093 1837; x_wconf 88' lang='lat' dir='ltr'>idoneum</span> <span class='ocrx_word' id='word_1_96' title='bbox 1114 1789 1146 1838; x_wconf 87' lang='lat'>15</span> 
     </span>
     <span class='ocr_line' id='line_1_17' title="bbox 76 1859 1093 1948; baseline 0 -22"><span class='ocrx_word' id='word_1_97' title='bbox 76 1884 255 1948; x_wconf 86' lang='lat' dir='ltr'>paucorum</span> <span class='ocrx_word' id='word_1_98' title='bbox 279 1863 404 1926; x_wconf 86' lang='lat' dir='ltr'>iactura</span> <span class='ocrx_word' id='word_1_99' title='bbox 427 1866 570 1945; x_wconf 86' lang='lat' dir='ltr'>caperet,</span> <span class='ocrx_word' id='word_1_100' title='bbox 600 1860 725 1944; x_wconf 73' lang='lat' dir='ltr'>‘uisne’,</span> <span class='ocrx_word' id='word_1_101' title='bbox 748 1860 869 1945; x_wconf 90' lang='lat' dir='ltr'>inquit,</span> <span class='ocrx_word' id='word_1_102' title='bbox 893 1859 941 1925; x_wconf 76' lang='lat' dir='ltr'>‘tu</span> <span class='ocrx_word' id='word_1_103' title='bbox 965 1883 1004 1926; x_wconf 89' lang='lat' dir='ltr'>ex</span> <span class='ocrx_word' id='word_1_104' title='bbox 1027 1861 1093 1926; x_wconf 89' lang='lat' dir='ltr'>illis</span> 
     </span>
     <span class='ocr_line' id='line_1_18' title="bbox 76 1950 323 2036; baseline -0.008 -20"><span class='ocrx_word' id='word_1_105' title='bbox 76 1953 191 2036; x_wconf 89' lang='lat' dir='ltr'>paucis</span> <span class='ocrx_word' id='word_1_106' title='bbox 216 1950 323 2015; x_wconf 76' lang='lat' dir='ltr'>esse?&#39;</span> 
     </span>
    </p>

    <p class='ocr_par' dir='ltr' id='par_1_8' title="bbox 76 2038 1148 2745">
     <span class='ocr_line' id='line_1_19' title="bbox 146 2038 1094 2123; baseline -0.004 -19"><span class='ocrx_word' id='word_1_107' title='bbox 146 2041 177 2104; x_wconf 81' lang='lat'>2.</span> <span class='ocrx_word' id='word_1_108' title='bbox 198 2039 391 2123; x_wconf 90' lang='lat' dir='ltr'>Xenophon,</span> <span class='ocrx_word' id='word_1_109' title='bbox 410 2059 484 2104; x_wconf 90' lang='lat' dir='ltr'>cum·</span> <span class='ocrx_word' id='word_1_110' title='bbox 498 2059 580 2122; x_wconf 91' lang='lat' dir='ltr'>equo</span> <span class='ocrx_word' id='word_1_111' title='bbox 595 2039 766 2104; x_wconf 89' lang='lat' dir='ltr'>ueheretur</span> <span class='ocrx_word' id='word_1_112' title='bbox 785 2041 818 2102; x_wconf 91' lang='lat' dir='ltr'>et</span> <span class='ocrx_word' id='word_1_113' title='bbox 836 2038 962 2123; x_wconf 91' lang='lat' dir='ltr'>pedites</span> <span class='ocrx_word' id='word_1_114' title='bbox 981 2038 1094 2122; x_wconf 90' lang='lat' dir='ltr'>iugum</span> 
     </span>
     <span class='ocr_line' id='line_1_20' title="bbox 78 2127 1095 2214; baseline -0.003 -22"><span class='ocrx_word' id='word_1_115' title='bbox 78 2128 241 2214; x_wconf 91' lang='lat' dir='ltr'>quoddam</span> <span class='ocrx_word' id='word_1_116' title='bbox 260 2149 417 2211; x_wconf 88' lang='lat' dir='ltr'>occupare</span> <span class='ocrx_word' id='word_1_117' title='bbox 435 2127 593 2210; x_wconf 87' lang='lat' dir='ltr'>iussisset,</span> <span class='ocrx_word' id='word_1_118' title='bbox 614 2151 714 2192; x_wconf 91' lang='lat' dir='ltr'>unum</span> <span class='ocrx_word' id='word_1_119' title='bbox 734 2149 772 2192; x_wconf 83' lang='lat' dir='ltr'>ex</span> <span class='ocrx_word' id='word_1_120' title='bbox 787 2127 833 2191; x_wconf 91' lang='lat' dir='ltr'>eis</span> <span class='ocrx_word' id='word_1_121' title='bbox 849 2127 1095 2192; x_wconf 90' lang='lat' dir='ltr'>obmurmuran-</span> 
     </span>
     <span class='ocr_line' id='line_1_21' title="bbox 77 2215 1147 2300; baseline -0.002 -18"><span class='ocrx_word' id='word_1_122' title='bbox 77 2223 146 2282; x_wconf 87' lang='lat' dir='ltr'>tem</span> <span class='ocrx_word' id='word_1_123' title='bbox 183 2216 283 2300; x_wconf 92' lang='lat' dir='ltr'>[quod</span> <span class='ocrx_word' id='word_1_124' title='bbox 316 2215 448 2296; x_wconf 90' lang='lat' dir='ltr'>diceret]</span> <span class='ocrx_word' id='word_1_125' title='bbox 483 2215 661 2300; x_wconf 77' lang='lat' dir='ltr'>(audiens)</span> <span class='ocrx_word' id='word_1_126' title='bbox 693 2217 788 2281; x_wconf 87' lang='lat' dir='ltr'>facile</span> <span class='ocrx_word' id='word_1_127' title='bbox 824 2220 894 2280; x_wconf 91' lang='lat' dir='ltr'>tam</span> <span class='ocrx_word' id='word_1_128' title='bbox 930 2215 1094 2280; x_wconf 91' lang='lat' dir='ltr'>laboriosa</span> <span class='ocrx_word' id='word_1_129' title='bbox 1112 2230 1147 2280; x_wconf 79' lang='lat'>20</span> 
     </span>
     <span class='ocr_line' id='line_1_22' title="bbox 78 2305 1094 2390; baseline -0.003 -20"><span class='ocrx_word' id='word_1_130' title='bbox 78 2307 246 2370; x_wconf 86' lang='lat' dir='ltr'>sedentem</span> <span class='ocrx_word' id='word_1_131' title='bbox 274 2305 445 2388; x_wconf 86' lang='lat' dir='ltr'>imperare,</span> <span class='ocrx_word' id='word_1_132' title='bbox 480 2305 611 2369; x_wconf 88' lang='lat' dir='ltr'>desiluit</span> <span class='ocrx_word' id='word_1_133' title='bbox 639 2310 673 2370; x_wconf 89' lang='lat' dir='ltr'>et</span> <span class='ocrx_word' id='word_1_134' title='bbox 700 2305 866 2390; x_wconf 82' lang='lat' dir='ltr'>gregalem</span> <span class='ocrx_word' id='word_1_135' title='bbox 894 2325 976 2388; x_wconf 90' lang='lat' dir='ltr'>equo</span> <span class='ocrx_word' id='word_1_136' title='bbox 1004 2305 1094 2387; x_wconf 90' lang='lat' dir='ltr'>inpo-</span> 
     </span>
     <span class='ocr_line' id='line_1_23' title="bbox 77 2392 1094 2478; baseline -0.002 -20"><span class='ocrx_word' id='word_1_137' title='bbox 77 2395 162 2476; x_wconf 89' lang='lat' dir='ltr'>suit,</span> <span class='ocrx_word' id='word_1_138' title='bbox 199 2415 294 2458; x_wconf 89' lang='lat' dir='ltr'>cursu</span> <span class='ocrx_word' id='word_1_139' title='bbox 330 2394 400 2476; x_wconf 90' lang='lat' dir='ltr'>ipse</span> <span class='ocrx_word' id='word_1_140' title='bbox 438 2392 477 2456; x_wconf 91' lang='lat' dir='ltr'>ad</span> <span class='ocrx_word' id='word_1_141' title='bbox 516 2393 714 2458; x_wconf 85' lang='lat' dir='ltr'>destinatum</span> <span class='ocrx_word' id='word_1_142' title='bbox 747 2394 860 2478; x_wconf 85' lang='lat' dir='ltr'>iugum</span> <span class='ocrx_word' id='word_1_143' title='bbox 888 2393 1094 2458; x_wconf 90' lang='lat' dir='ltr'>contendens.</span> 
     </span>
     <span class='ocr_line' id='line_1_24' title="bbox 77 2481 1095 2566; baseline -0.006 -17"><span class='ocrx_word' id='word_1_144' title='bbox 77 2484 168 2549; x_wconf 89' lang='lat' dir='ltr'>cuius</span> <span class='ocrx_word' id='word_1_145' title='bbox 187 2481 267 2547; x_wconf 85' lang='lat' dir='ltr'>faeti</span> <span class='ocrx_word' id='word_1_146' title='bbox 284 2481 435 2545; x_wconf 86' lang='lat' dir='ltr'>ruborem</span> <span class='ocrx_word' id='word_1_147' title='bbox 455 2503 527 2545; x_wconf 91' lang='lat' dir='ltr'>cum</span> <span class='ocrx_word' id='word_1_148' title='bbox 547 2483 674 2566; x_wconf 90' lang='lat' dir='ltr'>perpeti</span> <span class='ocrx_word' id='word_1_149' title='bbox 690 2482 791 2546; x_wconf 91' lang='lat' dir='ltr'>miles</span> <span class='ocrx_word' id='word_1_150' title='bbox 815 2503 880 2546; x_wconf 91' lang='lat' dir='ltr'>non</span> <span class='ocrx_word' id='word_1_151' title='bbox 903 2485 1024 2566; x_wconf 90' lang='lat' dir='ltr'>posset,</span> <span class='ocrx_word' id='word_1_152' title='bbox 1047 2482 1095 2544; x_wconf 89' lang='lat' dir='ltr'>in·</span> 
     </span>
     <span class='ocr_line' id='line_1_25' title="bbox 77 2569 1095 2655; baseline -0.003 -20"><span class='ocrx_word' id='word_1_153' title='bbox 77 2571 259 2636; x_wconf 89' lang='lat' dir='ltr'>ridentibus</span> <span class='ocrx_word' id='word_1_154' title='bbox 300 2569 576 2635; x_wconf 88' lang='lat' dir='ltr'>commilitonibus</span> <span class='ocrx_word' id='word_1_155' title='bbox 618 2575 734 2655; x_wconf 89' lang='lat' dir='ltr'>sponte</span> <span class='ocrx_word' id='word_1_156' title='bbox 771 2570 952 2636; x_wconf 87' lang='lat' dir='ltr'>descendit:</span> <span class='ocrx_word' id='word_1_157' title='bbox 989 2569 1095 2634; x_wconf 90' lang='lat' dir='ltr'>Xeno·</span> 
     </span>
     <span class='ocr_line' id='line_1_26' title="bbox 76 2658 1148 2745; baseline -0.002 -22"><span class='ocrx_word' id='word_1_158' title='bbox 76 2659 236 2745; x_wconf 91' lang='lat' dir='ltr'>phontem</span> <span class='ocrx_word' id='word_1_159' title='bbox 268 2659 324 2722; x_wconf 88' lang='lat' dir='ltr'>uix</span> <span class='ocrx_word' id='word_1_160' title='bbox 355 2658 499 2722; x_wconf 88' lang='lat' dir='ltr'>uniuersi</span> <span class='ocrx_word' id='word_1_161' title='bbox 532 2659 757 2743; x_wconf 88' lang='lat' dir='ltr'>perpulerunt,</span> <span class='ocrx_word' id='word_1_162' title='bbox 793 2663 830 2722; x_wconf 90' lang='lat' dir='ltr'>ut</span> <span class='ocrx_word' id='word_1_163' title='bbox 865 2659 1148 2724; x_wconf 65' lang='lat' dir='ltr'>conscenderetur</span> 
     </span>
    </p>
   </div>
   <div class='ocr_carea' id='block_1_5' title="bbox 74 2848 1095 3630">
    <p class='ocr_par' dir='ltr' id='par_1_9' title="bbox 75 2848 1095 3188">
     <span class='ocr_line' id='line_1_27' title="bbox 152 2848 1092 2920; baseline -0.001 -16"><span class='ocrx_word' id='word_1_164' title='bbox 152 2857 167 2904; x_wconf 88' lang='lat'><strong>3</strong></span> <span class='ocrx_word' id='word_1_165' title='bbox 188 2867 251 2906; x_wconf 89' lang='lat' dir='ltr'>oum</span> <span class='ocrx_word' id='word_1_166' title='bbox 270 2866 320 2905; x_wconf 83' lang='lat' dir='ltr'>om.</span> <span class='ocrx_word' id='word_1_167' title='bbox 337 2849 383 2917; x_wconf 88' lang='grc' dir='ltr'>ΡΙ</span> <span class='ocrx_word' id='word_1_168' title='bbox 399 2854 417 2902; x_wconf 88' lang='grc'>4</span> <span class='ocrx_word' id='word_1_169' title='bbox 435 2850 521 2904; x_wconf 79' lang='lat' dir='ltr'>uerba</span> <span class='ocrx_word' id='word_1_170' title='bbox 539 2848 616 2904; x_wconf 87' lang='lat' dir='ltr'>urbis</span> <span class='ocrx_word' id='word_1_171' title='bbox 635 2880 669 2889; x_wconf 95' lang='lat'>-</span> <span class='ocrx_word' id='word_1_172' title='bbox 688 2851 941 2919; x_wconf 82' lang='lat' dir='ltr'>perseuerauerunt</span> <span class='ocrx_word' id='word_1_173' title='bbox 958 2866 1008 2905; x_wconf 84' lang='lat' dir='ltr'>om.</span> <span class='ocrx_word' id='word_1_174' title='bbox 1025 2850 1059 2903; x_wconf 89' lang='lat' dir='ltr'><em>H</em></span> <span class='ocrx_word' id='word_1_175' title='bbox 1062 2849 1072 2880; x_wconf 88' lang='lat'>¹</span> <span class='ocrx_word' id='word_1_176' title='bbox 1088 2849 1092 2920; x_wconf 76' lang='lat' dir='ltr'>l</span> 
     </span>
     <span class='ocr_line' id='line_1_28' title="bbox 76 2918 1095 2992; baseline -0.003 -17"><span class='ocrx_word' id='word_1_177' title='bbox 76 2921 235 2992; x_wconf 77' lang='lat' dir='ltr'>benorum]</span> <span class='ocrx_word' id='word_1_178' title='bbox 253 2936 348 2976; x_wconf 89' lang='lat' dir='ltr'>eorum</span> <span class='ocrx_word' id='word_1_179' title='bbox 361 2921 405 2974; x_wconf 82' lang='lat' dir='ltr'>uel</span> <span class='ocrx_word' id='word_1_180' title='bbox 424 2918 564 2975; x_wconf 89' lang='lat' dir='ltr'>sociorum</span> <span class='ocrx_word' id='word_1_181' title='bbox 578 2921 597 2976; x_wconf 86' lang='lat' dir='ltr'>d</span> <span class='ocrx_word' id='word_1_182' title='bbox 613 2921 617 2988; x_wconf 96' lang='grc' dir='ltr'>Ι</span> <span class='ocrx_word' id='word_1_183' title='bbox 639 2926 654 2975; x_wconf 85' lang='lat'>9</span> <span class='ocrx_word' id='word_1_184' title='bbox 673 2918 857 2989; x_wconf 85' lang='lat' dir='ltr'>Segouienses</span> <span class='ocrx_word' id='word_1_185' title='bbox 876 2921 895 2974; x_wconf 86' lang='lat' dir='ltr'>d</span> <span class='ocrx_word' id='word_1_186' title='bbox 917 2920 978 2988; x_wconf 85' lang='lat' dir='ltr'>Ego</span> <span class='ocrx_word' id='word_1_187' title='bbox 997 2919 1095 2973; x_wconf 88' lang='lat' dir='ltr'>uiuen-</span> 
     </span>
     <span class='ocr_line' id='line_1_29' title="bbox 77 2989 1095 3091; baseline -0.002 -45"><span class='ocrx_word' id='word_1_188' title='bbox 77 3009 123 3048; x_wconf 84' lang='lat' dir='ltr'>ses</span> <span class='ocrx_word' id='word_1_189' title='bbox 143 2992 237 3046; x_wconf 83' lang='lat' dir='ltr'>GHP</span> <span class='ocrx_word' id='word_1_190' title='bbox 262 2990 480 3060; x_wconf 81' lang='lat' dir='ltr'>Segobrigenses</span> <span class='ocrx_word' id='word_1_191' title='bbox 500 2990 558 3046; x_wconf 79' lang='lat' dir='ltr'>Sor.</span> <span class='ocrx_word' id='word_1_192' title='bbox 578 2996 583 3060; x_wconf 76' lang='grc' dir='ltr'>Ι</span> <span class='ocrx_word' id='word_1_193' title='bbox 612 2989 742 3045; x_wconf 73' lang='lat' dir='ltr'>annatho</span> <span class='ocrx_word' id='word_1_194' title='bbox 762 2990 806 3045; x_wconf 86' lang='lat' dir='ltr'>H¹</span> <span class='ocrx_word' id='word_1_195' title='bbox 832 2995 836 3060; x_wconf 91' lang='grc' dir='ltr'>Ι</span> <span class='ocrx_word' id='word_1_196' title='bbox 865 2989 910 3045; x_wconf 87' lang='lat' dir='ltr'>his</span> <span class='ocrx_word' id='word_1_197' title='bbox 926 2991 954 3045; x_wconf 93' lang='lat' dir='ltr'><strong><em>P</em></strong></span> <span class='ocrx_word' id='word_1_198' title='bbox 966 2989 990 3044; x_wconf 91' lang='lat' dir='ltr'>is</span> <span class='ocrx_word' id='word_1_199' title='bbox 1005 2989 1071 3044; x_wconf 79' lang='lat' dir='ltr'>GH</span> <span class='ocrx_word' id='word_1_200' title='bbox 1085 2990 1095 3091; x_wconf 52' lang='lat' dir='ltr'>l</span> 
     </span>
     <span class='ocr_line' id='line_1_30' title="bbox 75 3060 1080 3188; baseline -0.004 -71"><span class='ocrx_word' id='word_1_201' title='bbox 75 3062 174 3188; x_wconf 58' lang='lat' dir='ltr'>{liberis</span> <span class='ocrx_word' id='word_1_202' title='bbox 183 3063 227 3188; x_wconf 45' lang='lat' dir='ltr'>&amp;H</span> <span class='ocrx_word' id='word_1_203' title='bbox 232 3063 241 3093; x_wconf 90' lang='lat'>¹</span> <span class='ocrx_word' id='word_1_204' title='bbox 266 3064 271 3132; x_wconf 87' lang='grc' dir='ltr'>Ι</span> <span class='ocrx_word' id='word_1_205' title='bbox 301 3067 334 3117; x_wconf 86' lang='grc'><strong>10</strong></span> <span class='ocrx_word' id='word_1_206' title='bbox 353 3062 535 3117; x_wconf 86' lang='lat' dir='ltr'>caederentur</span> <span class='ocrx_word' id='word_1_207' title='bbox 552 3063 571 3117; x_wconf 86' lang='lat' dir='ltr'>d</span> <span class='ocrx_word' id='word_1_208' title='bbox 595 3065 600 3132; x_wconf 76' lang='grc' dir='ltr'>Ι</span> <span class='ocrx_word' id='word_1_209' title='bbox 631 3067 663 3116; x_wconf 82' lang='grc'><strong>13</strong></span> <span class='ocrx_word' id='word_1_210' title='bbox 684 3062 817 3116; x_wconf 89' lang='lat' dir='ltr'>domuum</span> <span class='ocrx_word' id='word_1_211' title='bbox 834 3062 887 3116; x_wconf 81' lang='grc' dir='ltr'>ΙιΡ</span> <span class='ocrx_word' id='word_1_212' title='bbox 913 3060 1028 3116; x_wconf 81' lang='lat' dir='ltr'>dominu</span> <span class='ocrx_word' id='word_1_213' title='bbox 1047 3060 1080 3113; x_wconf 89' lang='grc' dir='ltr'><strong>Η</strong></span> 
     </span>
     <span class='ocr_line' id='line_1_31' title="bbox 97 3150 164 3188; baseline -0.015 0"><span class='ocrx_word' id='word_1_214' title='bbox 97 3150 164 3188; x_wconf 91' lang='lat' dir='ltr'>omu</span> 
     </span>
    </p>

    <p class='ocr_par' dir='ltr' id='par_1_10' title="bbox 74 3201 1095 3630">
     <span class='ocr_line' id='line_1_32' title="bbox 153 3201 1092 3273; baseline -0.004 -15"><span class='ocrx_word' id='word_1_215' title='bbox 153 3211 185 3258; x_wconf 87' lang='grc'>14</span> <span class='ocrx_word' id='word_1_216' title='bbox 204 3205 306 3259; x_wconf 79' lang='lat' dir='ltr'>aflectu</span> <span class='ocrx_word' id='word_1_217' title='bbox 324 3205 343 3258; x_wconf 87' lang='lat' dir='ltr'>d</span> <span class='ocrx_word' id='word_1_218' title='bbox 362 3203 464 3258; x_wconf 87' lang='lat' dir='ltr'>effectu</span> <span class='ocrx_word' id='word_1_219' title='bbox 485 3203 597 3273; x_wconf 76' lang='lat' dir='ltr'>GHPl</span> <span class='ocrx_word' id='word_1_220' title='bbox 620 3210 652 3259; x_wconf 86' lang='lat'>15</span> <span class='ocrx_word' id='word_1_221' title='bbox 673 3203 792 3270; x_wconf 77' lang='lat' dir='ltr'>Quintus</span> <span class='ocrx_word' id='word_1_222' title='bbox 812 3204 878 3259; x_wconf 70' lang='lat' dir='ltr'>GH</span> <span class='ocrx_word' id='word_1_223' title='bbox 894 3201 1023 3268; x_wconf 81' lang='lat' dir='ltr'>Quintius</span> <span class='ocrx_word' id='word_1_224' title='bbox 1043 3201 1092 3273; x_wconf 72' lang='lat'>1³1</span> 
     </span>
     <span class='ocr_line' id='line_1_33' title="bbox 75 3274 1095 3345; baseline -0.004 -15"><span class='ocrx_word' id='word_1_225' title='bbox 75 3276 242 3330; x_wconf 86' lang='lat' dir='ltr'>idoneorum</span> <span class='ocrx_word' id='word_1_226' title='bbox 262 3276 287 3330; x_wconf 78' lang='lat' dir='ltr'><em>G</em></span> <span class='ocrx_word' id='word_1_227' title='bbox 307 3278 311 3345; x_wconf 80' lang='grc'><strong>1</strong></span> <span class='ocrx_word' id='word_1_228' title='bbox 335 3280 368 3329; x_wconf 88' lang='grc'>18</span> <span class='ocrx_word' id='word_1_229' title='bbox 392 3275 502 3344; x_wconf 75' lang='lat' dir='ltr'>sephon</span> <span class='ocrx_word' id='word_1_230' title='bbox 520 3275 568 3330; x_wconf 88' lang='grc' dir='ltr'>Η1</span> <span class='ocrx_word' id='word_1_231' title='bbox 588 3278 593 3345; x_wconf 89' lang='grc'><strong>1</strong></span> <span class='ocrx_word' id='word_1_232' title='bbox 616 3283 650 3331; x_wconf 77' lang='lat'>20</span> <span class='ocrx_word' id='word_1_233' title='bbox 670 3277 744 3344; x_wconf 88' lang='lat' dir='ltr'>quod</span> <span class='ocrx_word' id='word_1_234' title='bbox 765 3274 871 3330; x_wconf 88' lang='lat' dir='ltr'>diceret</span> <span class='ocrx_word' id='word_1_235' title='bbox 893 3275 1024 3345; x_wconf 62' lang='lat' dir='ltr'>plurima</span> <span class='ocrx_word' id='word_1_236' title='bbox 1041 3288 1095 3327; x_wconf 78' lang='lat' dir='ltr'>eece</span> 
     </span>
     <span class='ocr_line' id='line_1_34' title="bbox 74 3343 1094 3417; baseline -0.005 -15"><span class='ocrx_word' id='word_1_237' title='bbox 74 3349 152 3402; x_wconf 74' lang='lat' dir='ltr'>rudit</span> <span class='ocrx_word' id='word_1_238' title='bbox 172 3346 257 3402; x_wconf 76' lang='lat' dir='ltr'>Oua:</span> <span class='ocrx_word' id='word_1_239' title='bbox 275 3347 310 3413; x_wconf 77' lang='lat' dir='ltr'>cf.</span> <span class='ocrx_word' id='word_1_240' title='bbox 325 3346 418 3416; x_wconf 79' lang='lat' dir='ltr'>praef.</span> <span class='ocrx_word' id='word_1_241' title='bbox 437 3345 529 3417; x_wconf 74' lang='lat'>§131</span> <span class='ocrx_word' id='word_1_242' title='bbox 551 3347 667 3402; x_wconf 89' lang='lat' dir='ltr'>audiens</span> <span class='ocrx_word' id='word_1_243' title='bbox 685 3347 813 3416; x_wconf 72' lang='lat' dir='ltr'>suppleat</span> <span class='ocrx_word' id='word_1_244' title='bbox 833 3350 837 3412; x_wconf 85' lang='grc' dir='ltr'>Ι</span> <span class='ocrx_word' id='word_1_245' title='bbox 857 3362 914 3400; x_wconf 92' lang='lat' dir='ltr'>uno</span> <span class='ocrx_word' id='word_1_246' title='bbox 933 3362 965 3399; x_wconf 86' lang='lat' dir='ltr'>ex</span> <span class='ocrx_word' id='word_1_247' title='bbox 986 3344 1027 3398; x_wconf 86' lang='lat' dir='ltr'>eis</span> <span class='ocrx_word' id='word_1_248' title='bbox 1046 3343 1094 3397; x_wconf 92' lang='lat' dir='ltr'>ob·</span> 
     </span>
     <span class='ocr_line' id='line_1_35' title="bbox 75 3415 1093 3486; baseline -0.005 -13"><span class='ocrx_word' id='word_1_249' title='bbox 75 3418 269 3473; x_wconf 86' lang='lat' dir='ltr'>murmurante</span> <span class='ocrx_word' id='word_1_250' title='bbox 293 3432 326 3472; x_wconf 88' lang='lat' dir='ltr'>ao</span> <span class='ocrx_word' id='word_1_251' title='bbox 352 3416 464 3471; x_wconf 82' lang='lat' dir='ltr'>dicente</span> <span class='ocrx_word' id='word_1_252' title='bbox 487 3416 547 3473; x_wconf 83' lang='lat' dir='ltr'>Ser.</span> <span class='ocrx_word' id='word_1_253' title='bbox 579 3435 705 3486; x_wconf 89' lang='lat' dir='ltr'>unusque</span> <span class='ocrx_word' id='word_1_254' title='bbox 730 3435 765 3472; x_wconf 89' lang='lat' dir='ltr'>ex</span> <span class='ocrx_word' id='word_1_255' title='bbox 793 3417 832 3472; x_wconf 90' lang='lat' dir='ltr'>eis</span> <span class='ocrx_word' id='word_1_256' title='bbox 858 3415 1093 3471; x_wconf 85' lang='lat' dir='ltr'>obmurmurando</span> 
     </span>
     <span class='ocr_line' id='line_1_36' title="bbox 76 3486 1094 3558; baseline -0.005 -15"><span class='ocrx_word' id='word_1_257' title='bbox 76 3489 185 3544; x_wconf 87' lang='lat' dir='ltr'>diceret</span> <span class='ocrx_word' id='word_1_258' title='bbox 201 3488 270 3543; x_wconf 79' lang='lat' dir='ltr'>Oud.</span> <span class='ocrx_word' id='word_1_259' title='bbox 288 3490 292 3557; x_wconf 87' lang='grc' dir='ltr'>Ι</span> <span class='ocrx_word' id='word_1_260' title='bbox 309 3493 341 3542; x_wconf 81' lang='lat'>21</span> <span class='ocrx_word' id='word_1_261' title='bbox 356 3488 494 3556; x_wconf 88' lang='lat' dir='ltr'>imperare</span> <span class='ocrx_word' id='word_1_262' title='bbox 508 3504 559 3544; x_wconf 80' lang='lat' dir='ltr'>om.</span> <span class='ocrx_word' id='word_1_263' title='bbox 570 3489 615 3558; x_wconf 75' lang='grc' dir='ltr'>ΡΙ</span> <span class='ocrx_word' id='word_1_264' title='bbox 636 3493 670 3542; x_wconf 75' lang='lat'>22</span> <span class='ocrx_word' id='word_1_265' title='bbox 684 3489 745 3558; x_wconf 84' lang='lat' dir='ltr'>ipse</span> <span class='ocrx_word' id='word_1_266' title='bbox 760 3486 885 3558; x_wconf 89' lang='lat' dir='ltr'>pedestri</span> <span class='ocrx_word' id='word_1_267' title='bbox 899 3487 964 3542; x_wconf 87' lang='lat' dir='ltr'>add</span> <span class='ocrx_word' id='word_1_268' title='bbox 979 3490 984 3554; x_wconf 89' lang='grc' dir='ltr'>Ι</span> <span class='ocrx_word' id='word_1_269' title='bbox 1000 3491 1033 3540; x_wconf 82' lang='lat'>23</span> <span class='ocrx_word' id='word_1_270' title='bbox 1048 3502 1094 3538; x_wconf 90' lang='lat' dir='ltr'>ru·</span> 
     </span>
     <span class='ocr_line' id='line_1_37' title="bbox 74 3556 1095 3630; baseline -0.005 -15"><span class='ocrx_word' id='word_1_271' title='bbox 74 3575 184 3615; x_wconf 90' lang='lat' dir='ltr'>morem</span> <span class='ocrx_word' id='word_1_272' title='bbox 200 3559 225 3613; x_wconf 83' lang='lat' dir='ltr'><em>G</em></span> <span class='ocrx_word' id='word_1_273' title='bbox 241 3560 296 3629; x_wconf 79' lang='grc'>124</span> <span class='ocrx_word' id='word_1_274' title='bbox 314 3557 493 3614; x_wconf 85' lang='lat' dir='ltr'>xenofontem</span> <span class='ocrx_word' id='word_1_275' title='bbox 510 3557 536 3612; x_wconf 78' lang='lat' dir='ltr'><strong><em>G</em></strong></span> <span class='ocrx_word' id='word_1_276' title='bbox 554 3559 757 3628; x_wconf 85' lang='lat' dir='ltr'>zenophontem</span> <span class='ocrx_word' id='word_1_277' title='bbox 773 3559 808 3613; x_wconf 88' lang='lat' dir='ltr'><strong><em>H</em></strong></span> <span class='ocrx_word' id='word_1_278' title='bbox 821 3559 825 3630; x_wconf 76' lang='lat' dir='ltr'>l</span> <span class='ocrx_word' id='word_1_279' title='bbox 841 3563 876 3613; x_wconf 79' lang='lat'>25</span> <span class='ocrx_word' id='word_1_280' title='bbox 894 3556 1095 3628; x_wconf 85' lang='lat' dir='ltr'>pepuleruntb</span> 
     </span>
    </p>
   </div>
   <div class='ocr_carea' id='block_1_6' title="bbox 0 0 1204 3944">
    <p class='ocr_par' dir='ltr' id='par_1_11' title="bbox 0 0 1204 3944">
     <span class='ocr_line' id='line_1_38' title="bbox 0 0 1204 3944; baseline 0 0"><span class='ocrx_word' id='word_1_281' title='bbox 0 0 1204 3944; x_wconf 95' lang='lat' dir='ltr'> </span> 
     </span>
    </p>
   </div>
  </div>
 </body>
</html>
