2400 3944
139 187 203 252 116
343 187 419 243 IULI
436 185 614 242 FBONTINI
634 185 960 243 STRATEGEMATON

202 348 260 415 ΠΙ.
284 350 332 414 De
356 350 565 415 continentia.

179 438 254 503 IIII.
278 438 327 503 De
351 439 487 503 iustitia.

215 527 254 593 V.
279 528 327 591 De
352 527 543 592 constantia.

201 615 257 681 VI.
283 616 330 679 De
355 615 478 681 affectu
501 621 534 680 et
556 615 787 680 moderatione.

100 723 116 772 s
185 703 257 771 VII.
281 704 329 770 De
354 705 454 769 uariis
478 705 630 769 consiliis.

478 877 498 931 I.
531 877 580 931 DE
600 875 813 933 mscffmna

206 992 232 1054 1.
264 988 300 1053 P.
315 987 426 1070 Scipio
447 987 487 1051 ad
501 986 714 1052 Numantiam
737 992 925 1072 corruptum
950 989 1148 1073 superiorum

135 1077 251 1143 ducum
266 1077 415 1142 socordia
429 1077 606 1141 exercitum
625 1077 766 1141 correxit
784 1077 917 1141 dimisso
933 1077 1067 1162 ingenti
1080 1079 1150 1142 lixa

135 1188 207 1231 rum
226 1187 370 1249 numero,
393 1165 532 1229 redactis
548 1165 588 1229 ad
602 1187 720 1229 munus
740 1165 903 1229 cotidiana
922 1166 1151 1232 exercitatione

84 1273 116 1322 10
136 1254 304 1319 militibus.
329 1253 447 1337 quibus
467 1275 540 1318 cum
558 1253 710 1337 frequens
729 1252 914 1338 iniungeret
931 1253 1005 1338 iter,
1024 1259 1152 1340 portare

135 1343 352 1425 complurium
376 1340 501 1406 dierum
526 1343 648 1407 cibaria
672 1342 871 1427 imperabat,
900 1343 1010 1407 itaut
1034 1343 1153 1429 frigora

136 1437 168 1496 et
187 1431 307 1495 imbres
327 1430 406 1514 pati,
430 1430 514 1494 uada
532 1431 701 1495 fluminum
720 1431 857 1514 pedibus
880 1431 1021 1496 traicere
1047 1433 1153 1499 adsue·

136 1524 240 1585 sceret
259 1519 364 1604 miles,
386 1520 603 1603 exprobrante
624 1519 760 1584 subinde
778 1519 976 1604 imperatore
1000 1522 1153 1587 timidita-

134 1613 203 1673 tem
223 1612 255 1673 et
273 1609 449 1692 ignauiam,
473 1608 645 1693 frangente
664 1607 861 1673 delicatioris
880 1630 957 1672 usus
977 1630 1017 1674 ac
1040 1632 1152 1693 parum

84 1715 116 1765 15
135 1698 319 1762 necessaria
343 1695 541 1781 expeditioni
564 1719 652 1761 uasa.
685 1696 771 1780 quod
795 1697 935 1761 maxime
954 1696 1152 1784 no<ta>bili·

134 1790 186 1850 ter
209 1785 326 1851 eccidit
359 1783 393 1851 O.
417 1785 570 1849 Memmio
604 1786 754 1869 tribuno,
787 1786 838 1850 eui
869 1784 990 1849 dixisse
1014 1787 1153 1853 traditur

136 1872 259 1958 Scipio:
279 1874 373 1939 ‘mihi
390 1875 564 1958 paulisper,
587 1874 646 1937 tibi
667 1877 700 1937 et
718 1874 765 1937 rei
782 1874 931 1958 publicae
952 1895 1086 1960 semper
1102 1898 1153 1941 ne·

159 1986 234 2027 uam
259 1961 343 2028 eria'

137 1985 157 2047 q
203 2053 232 2117 2.
267 2052 303 2129 Q.
327 2051 479 2117 Metellus
508 2051 595 2115 bello
619 2049 814 2136 Iugurthino
843 2050 996 2116 similiter
1027 2053 1153 2138 lapsam

84 2157 118 2206 ao
136 2140 277 2207 militum
316 2140 519 2224 disciplinam
555 2138 628 2224 pari
665 2139 841 2205 seueritate
877 2139 1046 2225 restituit,
1085 2163 1153 2207 cum

136 2229 268 2312 insuper
301 2228 523 2312 prohibuisset
557 2229 623 2293 alia
655 2249 749 2293 carne
786 2250 884 2312 quam
917 2249 992 2293 assa
1030 2230 1153 2296 elixane

137 2317 258 2382 milites
283 2317 340 2382 uti.

204 2405 233 2470 3.
252 2405 397 2489 Pyrrhus
412 2404 596 2469 dilectatori
611 2426 668 2469 suo
682 2404 787 2469 fertur
801 2405 934 2469 dixisse:
950 2405 999 2470 ‘tu
1016 2407 1152 2491 grandes

137 2493 235 2577 elige,
258 2515 320 2578 ego
345 2514 399 2558 eos
423 2492 524 2558 fortes
547 2491 702 2573 reddam?

85 2599 119 2648 au
204 2582 236 2646 4.
258 2581 293 2646 L.
311 2581 413 2647 Paulo
433 2588 466 2645 et
485 2579 519 2646 (l.
533 2581 682 2647 Varrone
701 2581 887 2648 consulibus
908 2582 1032 2649 milites
1050 2585 1153 2669 primo

211 2762 224 2810 1
239 2758 325 2811 aerbo
338 2757 380 2811 De
394 2787 427 2797 -
442 2755 552 2811 iustitia
562 2756 595 2810 H
610 2757 643 2811 ia
656 2772 711 2811 rus.
728 2758 732 2823 Ι
749 2755 917 2811 taffectud
935 2755 1039 2812 effectu
1050 2757 1153 2829 GHPl

138 2832 154 2883 5
168 2833 234 2897 post
252 2828 378 2882 consiliis
391 2830 424 2882 ia
436 2827 461 2881 G
475 2832 640 2897 sequoretur:
657 2827 734 2882 IULI
751 2826 930 2883 FRONTINI
949 2827 1154 2885 STRATEGE-

137 2914 303 2971 unrroou
322 2915 389 2970 nis.
403 2915 464 2971 1111.
482 2899 589 2970 ruore.

211 2993 226 3041 7
244 2987 362 3041 Publius
379 2986 405 3041 G
421 2989 425 3056 l
442 2993 457 3040 9
477 2984 633 3041 cottidiana
648 2985 673 3041 θ
689 2987 694 3056 Ι
711 2991 745 3041 10
758 2984 833 3042 inter
846 2987 891 3041 Η1
906 2988 911 3058 Ι
928 2993 961 3042 12
978 2988 1118 3046 traiecere
1132 2989 1156 3047 G

136 3057 257 3112 traicere
276 3059 311 3112 H
317 3059 346 3128 1Ι
368 3064 402 3112 14
420 3056 591 3112 dilicationis
612 3057 639 3113 G
657 3056 814 3112 dilicatoris
833 3058 867 3112 H
872 3059 881 3090 ¹
897 3061 901 3120 1
924 3062 957 3113 15
976 3059 1154 3130 expeditione

137 3128 188 3198 ΗΙ
204 3130 369 3184 notabiliter
387 3130 406 3184 d
427 3127 561 3183 nobiliter
581 3128 675 3182 eHP
692 3130 696 3198 Ι
714 3134 747 3183 16
765 3128 831 3198 gaio
850 3129 885 3183 Η
888 3129 917 3184 Ρ
935 3132 939 3198 Ι
962 3132 1090 3188 nemmio
1108 3131 1155 3204 Pl

141 3204 173 3254 17
192 3200 264 3255 mihi
282 3201 425 3270 paulisper
443 3199 531 3254 atrei
550 3199 689 3268 publicae,
708 3199 762 3254 tibi
780 3215 890 3269 semper
911 3200 982 3256 ocu.
1002 3203 1062 3258 coll.
1081 3204 1153 3259 Par.

138 3272 266 3338 apopbtb.
282 3270 422 3341 Scipionis
440 3273 557 3326 mia.17
572 3273 576 3339 1
595 3276 627 3325 19
644 3269 763 3336 Quintus
781 3270 806 3324 G
822 3273 826 3341 l
843 3277 877 3326 20
896 3271 1051 3328 seueritate
1067 3304 1101 3314 -
1116 3273 1154 3328 in·

139 3355 222 3409 super
237 3357 287 3394 om.
301 3343 335 3395 H
341 3342 350 3372 ¹
367 3347 370 3406 Ι
386 3347 420 3396 21
436 3358 453 3395 a
468 3357 497 3395 se
512 3342 701 3411 assalapsius
714 3343 773 3396 coll.
788 3342 858 3397 Sall.
872 3343 935 3413 Iup.
950 3346 995 3410 45,
1007 3348 1042 3400 2:
1061 3347 1110 3401 aed
1121 3345 1154 3412 cf.

140 3411 216 3465 Plut.
232 3413 249 3466 l.
261 3413 277 3465 l.
291 3417 335 3466 16.
356 3413 620 3484 Polyaen.8,16,2.
639 3414 763 3482 Appium.
778 3413 861 3482 Hisp.
871 3417 909 3468 85
924 3414 928 3483 Ι
944 3418 980 3469 28
994 3414 1155 3485 Pyrhrusd

139 3481 240 3549 Pyrrus
253 3483 281 3535 P
296 3486 298 3546 l
316 3482 477 3538 dilectatori
488 3483 579 3538 OGH
582 3483 591 3514 ¹
602 3483 798 3539 delectatoriis
811 3483 949 3540 delectori
958 3484 988 3539 P
1001 3487 1006 3556 Ι
1022 3491 1058 3541 26
1065 3485 1153 3553 faulo

139 3551 263 3607 Sabellus
281 3554 340 3608 coll.
356 3553 422 3608 Iria.
437 3560 488 3620 22,
502 3558 539 3610 38
557 3554 644 3610 flacco
660 3555 722 3610 GH
728 3556 756 3609 P

1188 142 1192 179 l
