2400 3944
129 194 151 259 4
334 195 409 251 IULI
427 195 603 252 FRONTINI
622 195 948 252 STRATEGEMATON

348 408 368 464 Ι.
397 409 444 463 DE
465 407 718 464 OOOULTANDIS
738 407 923 466 CONSILIIS.

200 538 228 601 1.
257 535 301 600 M.
324 534 457 599 Porcius
481 533 563 601 Cato
591 535 735 601 deuictae
761 558 779 599 a
803 557 838 600 se
861 534 1040 619 Hispaniae
1071 538 1148 602 ciui·

131 629 216 690 tates
241 623 450 689 existimabat
473 624 507 688 in
530 628 677 709 tempore
700 625 913 689 rebellaturus
935 624 1055 689 fiducia
1078 649 1148 692 mu·

130 736 249 779 rorum.
275 713 404 796 scripsit
416 713 528 798 itaque
542 713 691 796 singulis,
706 717 742 777 ut
756 712 920 778 diruerent
934 713 1148 799 munimenta,

96 801 274 869 tminatus
301 802 438 886 bellum,
467 801 532 866 nisi
560 802 730 867 confestim
760 803 1054 885 obtemperassent,
1084 804 1149 888 epi·

132 892 298 975 stulasque
321 890 481 955 uniuersis
506 889 693 955 ciuitatibus
717 890 829 955 eodem
853 891 903 954 die
922 891 1012 955 reddi
1035 893 1147 958 iussit:

131 1000 343 1065 unaquaeque
365 979 494 1043 urbium
518 979 582 1043 sibi
601 979 662 1043 soli
681 978 817 1044 credidit
838 979 1049 1066 imperatum,
1074 1003 1149 1047 con·

132 1073 276 1133 tumaces
306 1066 504 1152 conspiratio
532 1068 640 1152 potuit
671 1068 791 1152 facere,
824 1069 852 1132 si
880 1068 1031 1134 omnibus
1060 1069 1148 1135 idem

133 1155 316 1221 denuntiari
338 1160 452 1220 notum
475 1156 599 1221 fuisset.

80 1264 114 1312 10
168 1247 230 1310 ’2.
252 1243 395 1309 Himilco
419 1245 484 1308 dux
501 1244 695 1329 Poenorum,
718 1245 811 1309 utin
835 1242 978 1310 Siciliam
1001 1245 1148 1331 inopina·

132 1336 186 1397 tus
215 1333 393 1417 appelleret
420 1333 571 1416 classem,
599 1356 665 1399 non
692 1333 929 1418 pronuntiauit,
958 1356 1020 1419 quo
1049 1338 1149 1419 profi·

134 1422 321 1506 cisceretur,
340 1422 395 1486 sed
415 1421 567 1504 tabellas,
586 1421 621 1486 in
640 1423 755 1507 quibus
775 1422 932 1506 scriptum
952 1426 1029 1507 erat,
1049 1447 1150 1508 quam

133 1515 261 1593 partem
297 1510 365 1594 peti
400 1511 515 1595 uellet,
554 1510 713 1575 uniuersis
750 1511 1022 1595 gubernatoribus
1061 1513 1151 1578 dedit

135 1599 281 1684 signatas
304 1597 546 1684 praecepitque,
574 1621 614 1663 ne
639 1599 711 1683 quis
734 1600 859 1685 legeret
881 1600 945 1666 nisi
968 1601 1003 1663 ui
1026 1604 1151 1686 tempe·

81 1688 228 1757 rostatis
252 1711 272 1752 a
294 1708 390 1752 cursu
413 1687 595 1771 praetoriae
617 1688 711 1753 nauis
735 1688 902 1753 abductus.

200 1776 230 1842 3.
253 1775 287 1842 Ο.
300 1775 440 1860 Laelius,
459 1777 500 1841 ad
516 1774 696 1860 Syphacem
714 1777 878 1860 profectus
898 1778 1035 1862 legatus,
1055 1799 1152 1861 quos·

134 1866 208 1930 dam
232 1887 272 1929 ex
288 1866 428 1930 tribunis
453 1868 486 1929 et
504 1865 746 1931 centurionibus
770 1888 828 1951 per
846 1868 987 1950 speciem
1011 1867 1152 1932 seruitu-

133 1954 176 2018 tis
201 1976 238 2018 ac
261 1953 434 2018 ministerii
458 1953 682 2038 exploratores
706 1976 814 2019 secum
838 1955 943 2019 duxit:
968 1955 1151 2038 exquibus

132 2042 168 2108 L.
183 2041 376 2126 Statorium,
395 2042 451 2127 qui
474 2042 604 2127 saepius
626 2043 661 2107 in
683 2041 788 2107 isdem
812 2043 927 2108 castris
945 2043 1052 2109 fuerat
1071 2043 1150 2127 <et>

80 2149 114 2198 20
134 2153 230 2215 quem
249 2131 380 2215 quidam
400 2153 438 2194 ex
456 2131 606 2196 hostibus
625 2131 819 2196 uidebantur
838 2152 1025 2216 agnoscere,
1044 2135 1151 2198 occul·

39 2287 43 2294 ,
133 2219 253 2284 tandae
277 2219 476 2284 condicionis
500 2219 568 2284 eius
592 2241 691 2284 causa
713 2220 828 2286 baculo
848 2226 885 2286 ut
904 2243 1033 2302 seruum
1053 2223 1151 2286 casti·

133 2309 234 2393 gauit.
278 2308 280 2310 ’

199 2397 229 2463 4.
250 2306 447 2480 Iiirrquinius
465 2394 630 2479 Superbus
648 2401 750 2482 pater,
769 2397 932 2483 principes
948 2397 1151 2464 Gabinorum

133 2485 372 2550 interficiendos
392 2484 578 2570 arbitratus,
597 2486 673 2570 quia
690 2485 753 2552 hoc
770 2487 894 2551 nemini
908 2487 1043 2552 uolebat
1062 2508 1152 2552 com·

80 2591 114 2640 25
134 2575 284 2659 missum,
316 2574 401 2638 nihil
428 2575 543 2638 nuntio
570 2575 751 2659 respondit,
780 2575 836 2659 qui
864 2575 904 2639 ad
932 2597 1005 2640 eum
1033 2598 1052 2640 a
1080 2577 1151 2642 filio

134 2667 205 2728 erat
219 2664 352 2746 missus3
371 2667 500 2728 tantum
514 2662 608 2748 uirga
623 2664 798 2728 eminentia
816 2686 1015 2748 papauerum
1031 2665 1151 2751 capita,

206 2862 220 2909 1
241 2855 366 2911 occuldis
384 2854 429 2908 H¹
449 2858 453 2921 Ι
479 2860 495 2908 3
514 2855 713 2910 existimabant
731 2856 765 2909 H
780 2861 843 2912 aute
860 2871 916 2912 ras.
937 2857 942 2925 Ι
967 2861 983 2910 t
1003 2854 1151 2924 epistolas·

134 2943 187 2995 que
206 2927 252 2994 H,
277 2928 324 2982 sect
342 2927 389 2982 alt.
409 2943 424 2981 e
442 2929 475 2981 iu
492 2943 547 2982 ras.
567 2927 687 2981 duorum
706 2927 757 2982 litt.
776 2928 795 2981 b
819 2929 824 2996 Ι
854 2932 869 2981 7
888 2943 1090 2998 unaquaequae
1111 2929 1151 2995 H,

133 2999 179 3053 sed
193 3000 274 3065 prior
294 3015 309 3052 e
327 2999 359 3052 ia
376 3014 432 3053 ras.
451 2997 489 3068 tl
512 2997 602 3052 credit
622 2996 704 3063 GH!
721 2999 829 3068 alc'quid
846 2999 891 3054 lete
909 3000 1041 3054 eccidisse
1058 2999 1151 3054 Immo·

134 3071 188 3123 rito
206 3070 366 3138 sceptratus
381 3069 452 3124 Oud.
468 3070 473 3137 Ι
491 3074 523 3122 10
542 3066 684 3122 Himilcho
704 3069 730 3123 G
745 3068 749 3139 l
766 3067 919 3139 inopinatis
937 3069 1002 3138 H¹l
1026 3075 1058 3123 11
1079 3070 1152 3124 clas·

134 3156 192 3194 sem
204 3139 230 3194 G
247 3139 361 3194 classim
375 3140 402 3193 P
420 3137 583 3209 appelleret.
598 3138 682 3193 classi
696 3139 771 3194 enim
785 3155 841 3194 non
850 3140 885 3193 H
896 3143 901 3207 Ι
918 3147 952 3195 14
966 3141 1153 3209 tempeiasset

134 3211 313 3280 tempestatis
333 3210 386 3336 GE
415 3217 448 3266 16
472 3211 581 3279 legatos
599 3209 674 3278 ΗΡ,
698 3211 806 3267 cocart
831 3212 942 3281 legatus
965 3211 1056 3267 lectos
1079 3210 1150 3268 Oad.

136 3282 195 3336 coll.
210 3287 237 3347 1,
247 3286 301 3349 2,1
320 3287 345 3336 ct
387 3282 588 3350 iu.30,4117
609 3281 656 3353 ex]
676 3282 738 3336 eia
751 3298 806 3338 rus.
819 3284 939 3337 duarum
953 3283 1038 3339 tutu
1057 3284 1085 3337 et
1102 3282 1132 3337 P

136 3357 168 3406 19
188 3352 218 3406 L.
231 3358 294 3421 post
307 3369 361 3408 ras.
372 3351 625 3421 uuiuslitteraebl
645 3353 813 3419 sta}torium
830 3357 901 3419 (aaa
916 3355 966 3408 litt.
984 3356 1075 3421 musa)
1091 3354 1128 3409 H

135 3422 184 3491 qui
198 3423 280 3480 (loeta
299 3423 366 3493 quia
380 3424 444 3479 ΗΡ
466 3427 470 3493 Ι
496 3425 526 3478 et
543 3424 641 3480 aaut
664 3440 759 3493 quem,
779 3425 846 3492 quia
861 3454 894 3465 -·
908 3423 1013 3493 fuerat,
1034 3424 1152 3494 quidam

136 3495 205 3550 Oud.
232 3502 236 3563 Ι
262 3501 296 3550 23
314 3496 444 3565 princeps
463 3496 498 3549 Η
513 3500 576 3550 cate
594 3511 662 3552 corr.
688 3497 693 3565 Ι
719 3495 880 3551 sabinorum
901 3494 961 3551 OH
963 3496 996 3564 P,
1015 3511 1084 3552 corr.
1105 3498 1125 3552 d
1145 3497 1148 3568 l

134 3572 169 3621 26
189 3565 242 3621 erit
257 3566 301 3620 Η1
325 3568 330 3636 Ι
354 3568 486 3621 tamend
