2400 3944
139 188 183 253 52
344 186 420 243 1un1
436 185 615 244 suornm
636 158 963 245 smannonusron

139 373 216 417 nere
239 372 312 415 cum
335 350 504 435 profligari
527 349 611 415 nihil
633 349 772 434 uideret,
798 349 911 417 cedere
936 351 1151 437 instituit,ut

139 439 201 505 huc
225 439 432 504 simulatione
455 438 644 523 perduceret
665 438 778 504 hostes
800 438 836 503 in
855 437 1066 526 confragosa
1087 442 1152 527 loos,

141 549 222 613 quae
241 550 278 592 ex
297 526 458 593 industria
476 530 675 611 captauerat
701 548 776 594 oum
789 527 836 593 sic
850 548 993 614 qnoque,
1013 534 1154 615 suspects

140 616 318 682 calliditate
345 616 579 700 recedentium,
610 615 761 681 ordinata
788 620 979 701 sequeretur
1008 618 1154 703 phalanx,

105 720 122 771 t
142 706 265 790 equites
285 728 304 770 a
323 704 455 770 sinistro
477 726 578 770 cornu
600 708 731 789 praeter
753 726 845 770 oram
862 705 1051 793 phalangis
1073 706 1155 774 iussit

140 798 361 860 transcurrere
394 793 503 859 citatis
536 792 641 877 equis,
673 796 792 877 tectos,
822 796 861 859 ut
890 794 1037 861 obiectis
1067 795 1155 863 armis

139 882 211 968 ipso
230 884 355 968 impetu
369 881 630 968 praefringerent
643 881 789 948 hostium
802 881 941 968 spicula:
961 905 1033 967 quo
1049 905 1155 972 genere

138 973 281 1038 telorum
301 972 460 1037 exarmati
478 970 672 1036 Macedones
692 971 864 1037 soluerunt
886 971 992 1037 aciem
1018 976 1056 1039 et
1073 979 1155 1060 terge

140 1063 318 1127 uerterunt.
881 1110 886 1121 .

90 1164 122 1213 10
208 1149 259 1214 21.
283 1147 429 1232 Pyrrhus
452 1168 512 1233 pro
536 1147 721 1213 Tarentinis
746 1147 832 1232 apud
854 1147 1032 1234 Asculum,
1057 1172 1156 1217 secun·

141 1237 217 1302 dum
236 1235 447 1301 Homericum
471 1256 602 1301 uersum
627 1258 690 1319 quo
707 1236 844 1320 pessimi
861 1237 896 1301 in
913 1237 1067 1304 medium
1086 1238 1155 1305 reei-

140 1326 292 1410 piuntur,
320 1324 433 1389 dextro
457 1345 559 1389 cornu
583 1323 745 1390 Samnites
768 1324 1005 1411 Epirotasque,
1030 1327 1155 1395 sinistro

141 1413 291 1478 Bruttios
312 1416 408 1497 atque
427 1412 575 1478 Lucanos
594 1434 666 1478 cum
686 1411 891 1498 Sallentinis,
910 1415 946 1478 in
964 1416 1080 1482 media
1097 1416 1157 1483 acie

142 1500 339 1568 Tarentinos
358 1502 554 1586 conlocauit,
572 1501 753 1585 equitatum
772 1506 806 1567 et
823 1503 1019 1587 elephantos
1039 1505 1076 1569 in
1094 1505 1157 1571 sut

91 1605 123 1655 lo
143 1591 233 1656 sidiis
257 1612 327 1655 esse
349 1591 455 1656 iussit

209 1677 333 1746 Contra
356 1680 521 1763 consules,
544 1679 715 1764 aptissime
738 1678 852 1745 diuisis
874 1681 910 1744 in
932 1701 1063 1748 cornua
1080 1682 1158 1768 equi

143 1769 246 1854 tibus,
272 1769 419 1857 legiones
442 1769 478 1833 in
500 1767 606 1852 prima
630 1768 699 1833 acie
722 1771 755 1832 et
776 1769 812 1833 in
835 1768 989 1834 subsidiis
1015 1772 1157 1838 conloco·

143 1862 261 1923 uerunt
279 1862 313 1924 et
329 1858 381 1923 his
400 1857 636 1923 inmiscuerunt
654 1857 783 1922 auxilia
815 1856 874 1922 XL
891 1857 985 1923 milia
997 1860 1158 1946 utrimque

143 1946 244 2012 fuisse
273 1949 417 2012 constat:
447 1945 566 2030 Pyrrhi
593 1944 727 2010 dimidia
749 1967 825 2031 pars
849 1948 1010 2012 exercitus
1036 1949 1159 2033 amissa,
1193 1956 1196 2033 g

91 2049 125 2098 20
144 2036 229 2120 apud
252 2034 420 2102 Romanos
443 2034 475 2100 V
498 2035 589 2099 milia
611 2033 794 2099 desiderata
816 2038 902 2100 sunt
1194 2038 1196 2049 '

211 2125 264 2191 22.
287 2123 345 2190 Cn.
359 2123 532 2207 Pompeius
552 2122 708 2188 aduersus
728 2121 763 2189 Ο.
778 2121 950 2189 Gaesarem
964 2123 1160 2212 Palaephar-

144 2212 205 2277 sali
228 2212 393 2296 triplicem
416 2211 571 2277 instruxit
594 2212 711 2290 ociem,
733 2234 870 2297 quarum
892 2213 1045 2298 singulae
1064 2215 1160 2282 denos

145 2298 273 2363 ordines
296 2300 333 2365 in
355 2299 562 2364 latitudinem
585 2299 776 2366 habuerunt.
816 2300 962 2386 legiones
986 2305 1160 2371 secundum

145 2387 302 2453 uirtutem
326 2387 480 2471 cuiusque
502 2387 708 2454 firmissimas
727 2390 762 2455 in
780 2390 932 2455 cornibus
950 2394 985 2455 et
1002 2391 1041 2457 in
1059 2394 1160 2459 medio

92 2489 126 2539 25
146 2476 342 2560 conlocauit,
373 2476 478 2560 spatia
507 2476 559 2541 his
588 2477 782 2562 interposita
803 2479 966 2544 tironibus
989 2482 1162 2568 suppleuit

146 2564 258 2630 dextro
282 2566 384 2629 latere
407 2562 466 2630 Dc
490 2566 614 2650 equites
638 2571 774 2652 propter
795 2567 916 2633 flumen
938 2565 1084 2655 Enipea,
1112 2569 1162 2657 qui

146 2657 179 2718 et
202 2653 296 2718 alueo
321 2675 380 2719 suo
402 2657 435 2719 et
454 2655 574 2720 alluuie
592 2656 760 2740 regionam
784 2656 979 2741 inpedierat,
1001 2659 1162 2746 reliquum

218 2816 233 2863 1
252 2809 349 2866 uidere
364 2810 399 2865 H
415 2815 420 2881 1
445 2812 550 2866 thora
564 2811 608 2866 H¹
626 2812 728 2866 horath
755 2829 805 2867 ora
819 2813 855 2880 P,
875 2814 1007 2884 correct}
1039 2821 1056 2870 6
1075 2817 1162 2871 tectos

145 2883 273 2952 quamuis
290 2883 359 2937 dwrc
377 2883 481 2938 dictum
499 2888 604 2939 mutare
622 2898 679 2938 noo
697 2884 798 2939 audeo:
817 2885 851 2951 cf.
866 2884 942 2940 Diot.
961 2887 989 2953 3,
1004 2888 1022 2940 7
1050 2888 1130 2943 actos
1147 2886 1164 2943 d

145 2954 241 3008 nectos
261 2952 338 3009 Statu
363 2953 486 3009 intentos
505 2954 587 3009 Goetz
603 2953 608 3025 Ι
626 2958 659 3008 10
677 2952 779 3022 Pyrrus
797 2955 826 3010 P
839 2958 843 3025 Ι
858 2956 943 3011 acrba
962 2958 1119 3012 secundum
1133 2987 1162 2998 -

145 3024 319 3106 recipiuntur
337 3041 394 3079 nort
416 3026 575 3095 temptando
592 3029 672 3080 sunt:
698 3026 733 3091 cf.
751 3027 840 3095 praef.
859 3026 881 3098 ἕ
900 3032 917 3082 9
939 3029 944 3095 Ι
970 3032 1004 3082 12
1029 3029 1162 3084 samnitas

146 3096 346 3165 ephrratosque
360 3095 405 3167 ΡΙ
423 3101 456 3151 16
475 3112 561 3151 cornu
575 3094 610 3149 H
623 3099 627 3164 Ι
649 3099 682 3149 18
700 3095 749 3149 XL
766 3095 858 3168 milia]
879 3097 942 3153 ‚XL
957 3097 1041 3169 HPl
1062 3103 1162 3155 utrum·

147 3199 201 3251 que
215 3182 250 3238 H
262 3184 266 3251 Ι
283 3188 318 3238 20
332 3184 357 3238 V
376 3183 467 3255 milio]
488 3183 530 3238 .V.
545 3183 580 3237 H
596 3171 638 3239 ῙῙ.
653 3184 699 3253 ΡΙ
720 3191 753 3240 21
771 3186 1123 3256 palepharsalisimplicem
1135 3186 1165 3243 H

146 3251 325 3374 palesarsalis
343 3254 484 3324 triplicem
503 3253 542 3307 P:
560 3255 596 3321 cf.
611 3258 703 3325 praef.
722 3256 817 3341 §14‘1
840 3264 874 3312 22
894 3273 1029 3327 aquarum
1050 3258 1088 3315 H
1103 3262 1107 3329 Ι
1132 3264 1162 3315 st

160 3323 299 3378 at1tudme
317 3325 335 3378 lo
360 3325 364 3395 Ι
390 3325 543 3380 secundum
556 3325 602 3393 H,
620 3327 667 3382 sed
686 3343 770 3383 secun
788 3346 820 3384 an
837 3345 894 3385 ros
911 3333 1061 3398 (aquarum
1076 3330 1104 3399 P)
1122 3328 1160 3399 tl

149 3413 183 3463 2⁶
202 3408 238 3462 iis
257 3410 285 3465 P
307 3413 312 3480 Ι
341 3417 375 3466 26
396 3401 458 3468 Hs).
478 3414 587 3483 equites
608 3416 789 3489 exingentelfl
806 3417 851 3486 (in
873 3419 1093 3488 ertperscriptttm
1110 3424 1161 3476 ets

148 3486 240 3550 mosa)
258 3480 303 3536 H:
321 3484 357 3550 ef.
374 3484 564 3556 praes.§141
586 3486 701 3542 flumine
719 3487 835 3555 (flumen
852 3490 881 3556 h)
901 3488 985 3558 nipea
1003 3490 1039 3545 H
1063 3492 1162 3546 flumen

149 3551 279 3622 enipeam
298 3552 343 3620 ΡΙ
364 3559 397 3607 27
416 3553 510 3609 Iuniae
531 3557 621 3625 (prior
638 3576 657 3611 u
676 3574 709 3613 ex
727 3559 749 3627 i)
769 3559 804 3612 H
832 3559 925 3615 eluuie
946 3559 1016 3616 Orod.
