2400 3944
148 188 213 254 126
348 186 424 243 IULI
441 187 619 244 FRONTINI
640 183 962 242 smarnonuanon

147 353 226 418 adeo
250 372 374 437 pauper
397 351 469 433 fuit,
491 355 528 415 ut
551 372 585 416 se
609 351 780 436 coniugem
798 350 986 434 liberosque
1010 351 1148 416 toleraret

147 442 264 526 agello,
288 440 344 525 qui
366 440 534 506 colebatur
561 461 739 524 perunum
761 439 908 504 uilicum:
936 439 1033 505 ouius
1055 440 1148 505 audita

146 534 251 595 morte
275 530 406 615 scripsit
429 529 556 594 senatui
583 528 622 592 de
651 549 847 612 successore,
876 527 1045 593 destitutis
1066 529 1148 593 rebus

147 619 238 683 obitu
262 619 348 683 serui
370 618 584 683 necessariam
608 638 679 682 esse
701 617 921 702 praesentiam
945 638 1049 682 suam.

111 726 127 773 o
213 707 243 771 4.
276 704 333 772 On.
349 705 457 790 Scipio
476 710 553 792 post
570 727 621 770 res
640 727 794 790 prospere
817 705 852 771 in
866 704 1031 790 Hispania
1053 708 1150 791 gestas

146 796 181 860 in
204 818 331 861 summa
358 799 549 882 paupertate
578 794 729 873 decessit,
755 816 797 859 ne
824 816 863 859 ea
890 793 1023 879 quidem
1051 795 1151 860 relicta

145 886 291 970 pecunia,
314 906 395 968 quae
415 884 577 949 sufficeret
594 883 629 947 in
647 883 755 949 dotem
778 883 929 967 filiarum,
953 905 1036 968 quas
1056 884 1096 949 ob
1112 885 1151 948 in·

146 975 254 1059 opiam
278 974 407 1057 publice
431 972 560 1037 dotauit
583 977 724 1037 senatus.

212 1063 242 1127 5.
274 1062 364 1126 Idem
391 1062 626 1144 praestiterunt
656 1060 873 1125 Athenienses
902 1059 979 1125 filiis
1009 1059 1151 1126 Aristidis

94 1168 126 1217 10
144 1153 220 1234 post
230 1151 504 1235 amplissimarum
518 1171 626 1214 rerum
637 1149 955 1214 administrationem
971 1149 1007 1213 in
1022 1149 1152 1214 maxima

145 1242 338 1322 paupertate
361 1237 512 1303 defuncti.

212 1328 241 1392 6.
273 1326 516 1410 Epaminondas
538 1326 602 1391 dux
617 1326 848 1392 Thebanorum
866 1329 980 1390 tantae
1001 1327 1152 1392 abstinen-

143 1416 210 1480 tiae
232 1415 309 1500 fuit,
340 1420 378 1480 ut
404 1416 439 1479 in
468 1415 682 1500 suppellectili
711 1416 780 1480 eius
807 1419 935 1497 praeter
958 1419 1105 1482 stoream
1125 1420 1152 1480 et

144 1506 274 1569 unicum
296 1527 376 1570 ueru
398 1505 481 1568 nihil
503 1505 712 1569 inueniretur.

92 1610 124 1660 15
213 1595 240 1658 7.
273 1591 439 1658 Hannibal
463 1615 593 1678 surgere
617 1593 656 1657 de
678 1597 773 1657 nocte
793 1592 907 1657 solitus
932 1597 1009 1658 ante
1032 1597 1152 1660 noctem

142 1704 210 1747 non
232 1682 471 1767 requiescebat:
495 1682 685 1766 crepusculo
710 1681 838 1746 demum
863 1681 903 1745 ad
926 1702 1042 1747 cenam
1067 1704 1150 1748 uoca-

142 1770 201 1835 bat
224 1793 326 1855 neque
351 1772 490 1856 amplius
514 1793 612 1855 quam
635 1770 760 1835 duobus
779 1770 873 1836 lectis
896 1769 1153 1837 discumbebatur

144 1860 228 1924 aud
253 1881 336 1924 eum.

164 1883 184 1943 p
210 1949 239 2014 8.
272 1946 377 2031 Idem,
405 1969 477 2012 cum
502 1948 562 2012 sub
584 1945 790 2012 Hasdrubale
817 1947 1016 2032 imperatore
1039 1950 1150 2015 milita

89 2052 123 2102 ao
141 2041 207 2120 ret,
236 2038 428 2122 plerumque
462 2059 558 2120 super
588 2035 708 2100 nudam
740 2037 873 2102 humum
907 2038 1024 2122 sagulo
1056 2042 1149 2104 tectus

143 2126 488 2279 somSosAdbiiliiriiim
513 2212 697 2297 Scipionem
720 2213 861 2278 traditur
888 2214 923 2276 in
946 2214 1066 2280 itincre
1089 2235 1149 2281 cun
1194 2278 1196 2305 ἱ

142 2302 253 2367 amicis
277 2303 498 2367 ambulantem
522 2307 654 2387 accepto
677 2323 762 2386 pane
784 2301 872 2366 uesci
896 2303 1041 2370 solitum.

210 2391 274 2471 [10.
308 2390 455 2455 Idemet
478 2391 516 2455 de
541 2390 724 2456 Alexandro
746 2389 922 2456 Macedone
946 2391 1089 2475 dicituro]
1193 2386 1196 2473 1

88 2494 122 2544 no
211 2480 262 2544 11.
288 2478 493 2544 Masinissam
495 2480 783 2564 ,nonagensimum
798 2479 896 2544 aetat
886 2500 916 2544 1s
926 2502 1050 2546 annum
1064 2501 1148 2568 agen·

140 2571 218 2649 tem,
241 2567 450 2632 meridiet
393 2591 434 2632 an
436 2573 468 2632 te
487 2569 779 2633 tabernaculumt
748 2589 762 2631 s
765 2571 889 2632 tantem
913 2569 966 2633 uel
990 2571 1149 2635 ambulan-
1193 2478 1196 2657 1

141 2660 208 2720 tem
231 2678 346 2741 capere
370 2657 446 2721 solit
432 2663 500 2721 tum
525 2657 615 2722 cibos
628 2658 785 2760 legimus

210 2743 344 2810 1.21’.M
364 2743 489 2830 Ourios,
511 2769 585 2811 cum
603 2746 670 2810 uict
671 2746 700 2809 is
655 2747 765 2809 tab
789 2766 826 2810 eo
852 2742 983 2811 Sabinis
1008 2767 1048 2811 ex
1072 2766 1149 2812 sena·
1193 2726 1196 2825 1

140 2837 193 2899 tus
213 2834 362 2899 consulto
378 2835 588 2919 ampliaretur
611 2833 773 2899 e1modus
793 2835 872 2919 agri,
896 2856 992 2919 quem
1012 2855 1148 2900 consum·
1192 2830 1196 2853 '¹

212 2999 228 3047 3
247 3008 308 3046 mor
323 2990 349 3045 G
364 2992 370 3061 1
388 2991 449 3046 10
440 3009 469 3045 m
487 3008 537 3046 om
549 2992 594 3061 ΡΙ
613 2997 645 3045 13
665 2991 735 3061 subp
736 2990 825 3045 lectili
842 2991 869 3047 G
884 2994 888 3062 Ι
904 2992 1017 3060 praeter
1036 2992 1149 3046 stoream

143 3062 281 3119 &accius
317 3063 485 3132 praeteritor
512 3079 575 3117 eam
605 3064 662 3130 (aed
685 3011 772 3118 addara
792 3064 806 3116 t
826 3063 1014 3132 aupcracriptc
1033 3062 1077 3131 H)
1097 3058 1153 3118 GH

139 3135 291 3204 praeterito
306 3150 355 3188 rea
368 3133 415 3205 ΡΙ
436 3139 470 3188 14
488 3132 615 3204 unicum]
630 3150 747 3189 aeneum
764 3133 833 3188 Ded.
849 3135 908 3188 coll
922 3133 1001 3189 Plut.
1018 3133 1092 3190 Fac
1105 3137 1152 3190 27.-

140 3207 177 3287 σῇ
190 3206 281 3331 prtaef.
301 3204 370 3277 §11
388 3208 393 3273 Ι
408 3223 477 3260 ueru
493 3205 632 3260 Graecias
650 3221 716 3259 uero
733 3203 799 3259 GH
803 3205 883 3274 ΡΙ
885 3210 978 3259 raeter
997 3218 1110 3259 aereum
1127 3204 1153 3258 et

139 3277 279 3331 minutum
298 3293 368 3330 ueru
386 3276 454 3332 Ocd
473 3280 476 3346 Ι
499 3281 532 3329 15
552 3279 679 3346 surgeret
695 3277 780 3330 nocte
750 3275 840 3340 teGl
863 3282 895 3330 lc
914 3292 1030 3330 caenam
1045 3276 1077 3331 Η
1095 3291 1152 3331 coe

140 3364 205 3402 nam
226 3347 277 3416 ΡΙ
302 3348 425 3402 uacabat
445 3349 487 3413 dl
514 3354 547 3402 19
566 3347 729 3402 hastrubale
748 3348 780 3401 Η
799 3348 804 3417 Ι
829 3345 988 3402 conadam
1011 3363 1063 3429 om.
1083 3347 1117 3402 Η
1121 3346 1130 3379 ¹

140 3422 175 3471 24
201 3418 352 3500 exemplum
380 3420 513 3475 alienam:
541 3420 576 3485 cf.
598 3420 687 3488 praef.
702 3418 844 3545 §912⁶
872 3416 1105 3488 nonagensimum

139 3489 367 3614 npnagetssimpm
386 3490 430 3542 Η1
448 3490 697 3560 nonagesimumb
743 3493 803 3560 128
821 3488 867 3545 Μ.
884 3489 942 3545 Sor.
959 3487 989 3545 0.
1008 3487 1152 3560 conr}

140 3566 155 3614 2
192 3575 239 3614 mo
254 3575 286 3613 us
