2400 3944
134 166 177 249 32
338 182 414 239 rom
432 180 607 238 aaoumur
627 178 952 237 sranrneanmou

134 347 183 411 illi
207 346 389 430 iniquitatis
413 350 446 410 et
468 343 660 410 insolentiae
688 345 801 427 plenas
829 342 1033 426 retulissent,
1065 365 1144 409 exer-

135 437 217 500 citus
241 435 463 501 Romanorum
487 434 526 498 ad
549 432 761 519 pugnandum
785 431 963 498 concitatus
989 435 1051 498 est

202 524 231 590 5.
258 523 429 610 Agesilaus
448 520 778 588 Lacedaemoniorum
796 520 873 605 dux,
897 541 970 585 cum
988 543 1096 607 prope
1114 522 1146 589 ab

136 612 340 679 Orchomeno
355 613 443 679 socia
458 613 591 679 ciuitate
606 614 713 676 castra
726 610 862 675 haberet
877 611 1147 698 comperissetque

102 703 308 787 eplerosque
336 725 376 768 ex
403 702 563 767 militibus
591 699 827 784 pretiosissima
854 720 962 763 rerum
992 699 1147 783 deponere

137 792 224 856 intra
242 792 449 878 munimenta,
468 789 633 874 praecepit
652 787 834 873 oppidanis,
850 808 891 852 ne
911 787 988 872 quid
1009 789 1052 854 ad
1070 811 1148 855 exer·

137 880 236 945 citum
255 902 349 946 suum
367 880 532 964 pertinens
551 877 763 962 reciperetur,
786 898 850 962 quo
870 876 1037 942 ardentius
1064 878 1148 944 dimi·

137 972 225 1035 caret
239 970 342 1047 miles,
352 969 408 1051 qui
423 968 520 1032 sciret
535 967 598 1032 sibi
613 989 673 1051 pro
684 965 834 1032 omnibus
849 965 916 1031 suis
931 967 1148 1052 pugnandum

204 1058 232 1122 6.
265 1056 510 1142 Epaminondas
538 1056 603 1120 dux
626 1055 854 1121 Thebanorum
878 1054 1036 1120 aduersus
1061 1055 1148 1123 Lace

87 1163 119 1211 10
138 1146 325 1211 daemonios
354 1146 578 1229 dimicaturus,
605 1148 730 1210 utnon
754 1144 860 1209 solum
882 1144 1010 1208 uiribus
1034 1146 1149 1211 milites

139 1234 198 1317 sui,
214 1255 328 1298 uerum
347 1234 447 1299 etiam
465 1234 647 1300 adfectibus
667 1234 908 1317 adiuuarentur,
926 1234 1150 1317 pronuntiauit

138 1322 173 1386 in
196 1323 346 1387 contione
370 1323 568 1387 destinatum
586 1321 864 1406 Lacedaemoniis,
887 1322 915 1386 si
934 1321 1078 1388 uictoria
1100 1345 1150 1409 po·

137 1410 287 1495 fitentur,
306 1433 418 1477 omnes
437 1412 542 1476 uirilis
561 1433 655 1476 sexus
672 1411 860 1490 interficere,
875 1409 1031 1476 uxoribus
1047 1417 1150 1478 autem

140 1521 251 1564 eorum
271 1503 304 1565 et
320 1500 433 1565 liberis
447 1501 482 1564 in
499 1501 688 1565 seruitutem
704 1499 851 1565 abductis
866 1499 996 1564 Thebas
1012 1499 1150 1567 diruere:

88 1604 120 1653 15
140 1610 203 1672 qua
227 1588 472 1654 denuntiatione
491 1589 646 1655 concitati
664 1589 770 1673 primo
789 1589 913 1671 impetu
931 1587 1085 1656 Thebani
1097 1589 1150 1656 La·

139 1678 359 1743 cedaemonios
383 1681 659 1764 expugnauerunt.

206 1768 234 1832 7.
257 1766 476 1852 Leotychidas
491 1768 555 1831 dux
568 1766 894 1832 Lacedaemoniorum
909 1767 1013 1832 classe
1032 1788 1150 1853 pugna·

138 1860 230 1920 turus
255 1857 368 1921 eodem
387 1857 452 1941 die,
476 1879 539 1941 quo
564 1856 825 1942 uicerantsocii‚
848 1854 997 1940 quamuis
1021 1856 1150 1943 ignarus

139 1948 230 2009 actae
258 1946 305 2010 rei
333 1946 484 2030 uulgauit
510 1945 696 2010 nuntiatam
720 1945 783 2011 sibi
805 1944 976 2011 uictoriam
1001 1946 1151 2029 partium,

86 2048 120 2098 2ο
139 2056 201 2118 quo
226 2035 462 2101 constantiores
486 2034 527 2098 ad
550 2053 695 2118 pugnam
719 2034 839 2099 milites
862 2034 1009 2098 haberet.

207 2124 237 2188 8.
261 2123 364 2188 Aulus
383 2123 570 2188 Postumius
593 2123 733 2207 proelio,
757 2145 819 2207 quo
838 2144 911 2188 curn
930 2120 1058 2188 Latinis
1084 2143 1153 2190 con·

138 2209 235 2293 flixit,
259 2211 370 2276 oblata
394 2212 500 2296 specie
524 2212 660 2276 duorum
683 2211 718 2275 in
743 2213 832 2296 equis
855 2213 1008 2276 iuuenum
1028 2213 1152 2278 animes

140 2321 272 2363 suorum
301 2301 417 2379 erexit,
446 2299 613 2364 Pollucem
641 2302 674 2364 et
697 2296 863 2366 Castorem
895 2301 1007 2365 adesse
1035 2301 1153 2383 dicens,

141 2409 178 2452 ac
202 2389 248 2452 sic
271 2388 430 2471 proelium
453 2388 605 2453 restituit.

87 2491 120 2540 26
207 2477 237 2541 9.
269 2477 486 2543 Archidamus
517 2476 790 2543 Lacedaemonius
824 2478 979 2543 aduersus
1010 2477 1153 2544 Arcadas

140 2565 261 2629 bellum
294 2587 408 2651 gerens
444 2589 535 2631 arma
567 2566 601 2630 in
635 2567 750 2632 castris
784 2568 901 2632 statuit
932 2569 965 2630 et
996 2567 1088 2633 circa
1119 2588 1155 2633 ea

141 2654 214 2718 duci
245 2676 343 2739 equos
374 2659 472 2721 noctu
506 2657 588 2721 clam
622 2656 810 2739 imperauit:
844 2678 981 2741 querum
1013 2655 1155 2743 uestigia

140 2765 243 2827 mane,
261 2747 429 2827 tamquam
444 2742 562 2810 Castor
578 2749 611 2810 et
623 2743 741 2809 Pollux
759 2746 1029 2830 perequitassent‚
1048 2748 1155 2811 osten-
1187 2764 1190 2829 1

141 2831 219 2897 dens
243 2832 412 2900 adfuturos
432 2835 562 2900 eosdem
581 2834 663 2919 ipsis
682 2834 917 2918 proeliantibus
938 2834 1115 2918 persuasit
1188 2846 1190 2851 '

211 2999 227 3046 3
247 2992 470 3047 lacedemoniam
484 2992 549 3061 H¹l
572 2998 604 3045 11
624 2991 781 3047 adiectibus
795 2992 830 3047 H
843 2994 846 3061 l
871 2997 904 3046 12
924 2991 1092 3047 condicione
1104 2992 1141 3048 H
1151 2990 1155 3063 l

140 3063 304 3132 peterentur
323 3063 367 3118 H¹
388 3066 391 3133 l
418 3069 451 3117 16
474 3065 672 3133 pugnauerunt
689 3064 725 3118 H
742 3065 746 3133 Ι
778 3069 811 3119 17
829 3061 967 3118 Euthidas
988 3061 1092 3131 OHP,
1111 3079 1157 3120 eru.

142 3133 258 3190 Goeoub.
274 3151 307 3188 eo
321 3135 451 3204 Polpoeu.
466 3141 492 3201 1,
503 3137 539 3189 33
557 3133 745 3202 Leutychidas
755 3134 814 3190 Ser.
837 3137 840 3205 l
866 3135 955 3188 classe
969 3165 1004 3174 -
1019 3151 1076 3203 quo
1089 3134 1157 3191 Oud.

141 3221 195 3272 quo
210 3206 329 3259 classem
344 3206 408 3260 ΗΡ
425 3207 544 3260 classem
563 3206 707 3261 delendum
729 3207 799 3262 ceni.
818 3207 889 3261 idem
909 3205 979 3261 Oud.
1006 3210 1010 3275 Ι
1042 3210 1077 3260 19
1096 3223 1158 3278 par·

140 3274 212 3328 tium
235 3292 348 3330 seuam:
370 3275 405 3343 cs.
420 3293 451 3346 p.
471 3281 521 3347 35,
535 3280 582 3333 20.
607 3281 656 3344 72,
670 3281 713 3332 11.
738 3278 905 3346 Ourt.4,1,
920 3281 964 3332 35.
984 3280 1072 3344 e,13.
1092 3283 1119 3346 9,
1132 3280 1158 3333 2.

140 3349 214 3412 16,4
231 3350 234 3413 Ι
251 3351 283 3400 21
300 3346 387 3402 Iulius
402 3348 426 3403 0
445 3348 497 3405 Isrl.
512 3348 547 3402 H
550 3349 585 3416 P,
605 3350 682 3404 end
698 3351 702 3418 l
719 3353 752 3403 22
771 3348 801 3402 in
816 3379 850 3388 -
865 3348 973 3403 animos
991 3349 1024 3403 iu
1037 3363 1159 3419 wapro

141 3413 214 3471 Cast.
235 3448 268 3456 —
288 3417 328 3470 sic
347 3419 382 3472 H
402 3422 405 3488 l
431 3425 465 3474 23
489 3423 517 3475 et
539 3419 684 3474 Castorem
707 3436 757 3476 om.
777 3420 828 3488 ΡΙ
854 3423 888 3474 25
912 3419 1048 3474 archades
1068 3420 1137 3475 ΗΡ

142 3492 175 3541 26
191 3488 280 3560 arma]
299 3506 377 3543 aram
388 3491 505 3547 Ouaaub.
526 3507 603 3546 aram
619 3493 647 3546 et
661 3508 739 3546 arma
755 3490 825 3546 occ.
839 3507 873 3546 ex
885 3491 1016 3562 Polyme.
1026 3495 1054 3559 1,
1064 3495 1138 3562 41,1

141 3563 175 3612 27
195 3559 260 3614 duci
278 3559 347 3615 duos
367 3560 497 3618 Herelius
519 3565 523 3631 l
549 3567 583 3617 28
597 3563 803 3633 perequitasset
821 3562 856 3616 H
862 3562 897 3630 P,
916 3562 999 3618 cm.d
