2400 3944
145 168 208 232 112
348 168 422 224 IULI
439 167 618 224 PRONTINI
636 167 961 226 STRATEGEMATON

144 333 205 397 tim
233 331 369 398 credidit
395 330 585 416 transfugae
617 353 677 398 nec
704 336 814 397 tamen
840 354 909 397 rem
942 333 1155 417 spernendam

144 425 235 485 ratus
269 421 431 504 disposuit
459 421 495 485 in
521 419 645 486 insidiis
673 420 887 486 lectissimam
919 442 1057 486 manum
1093 445 1157 488 suo·

145 532 229 575 rum.
273 509 315 575 ab
340 531 380 574 ea
403 508 488 574 Galli
512 510 638 594 excepti
668 509 840 594 dupliciter
862 508 1039 576 Hannonis
1064 511 1157 577 consi-

145 597 191 662 lio
207 599 451 664 satisfecerunt:
474 602 508 663 et
521 597 687 664 Romanos
706 597 889 663 ceciderunt
907 602 940 663 et
958 599 1025 683 ipsi
1050 621 1156 666 omnes

110 701 126 752 5
144 685 307 752 interfecti
332 691 418 752 sunt

211 777 242 842 4.
274 776 440 840 Hannibal
469 775 568 840 simili
595 776 731 841 consilio
760 796 795 840 se
819 797 839 840 a
861 775 1047 860 mansingis
1078 777 1158 843 ultus

144 869 202 929 est.
235 887 311 930 nam
327 886 398 930 cum
418 864 545 948 aliquos
564 885 602 928 ex
621 863 780 930 militibus
800 864 867 929 suis
886 865 986 930 sciret
1003 867 1158 932 transisse

144 954 292 1037 proxima
318 958 414 1019 nocte
440 975 500 1018 nec
527 953 694 1038 ignoraret
717 953 936 1037 exploratores
960 953 1110 1020 hostium
1129 955 1160 1019 in

144 1043 260 1107 castris
280 1043 347 1107 suis
367 1064 446 1124 esse,
464 1042 576 1126 palam
594 1041 818 1124 pronuntiauit
839 1062 907 1106 non
924 1041 1047 1109 debere
1061 1047 1158 1109 nans-

94 1146 128 1196 10
146 1131 240 1215 fugas
273 1131 385 1195 uocari
413 1131 656 1195 sollertissimos
686 1130 826 1214 milites,
862 1130 920 1214 qui
941 1131 1049 1214 ipsius
1077 1133 1159 1198 iussu

147 1220 284 1283 exierint
306 1218 347 1284 ad
375 1219 564 1303 excipienda
590 1217 734 1284 hostium
758 1218 904 1284 consilia.
933 1219 1062 1286 auditis
1074 1241 1159 1305 ·qusc

144 1308 383 1392 pronuntiauit,
412 1307 594 1372 retulerunt
630 1309 851 1391 exploratores
888 1307 928 1373 ad
965 1329 1067 1374 suos:
1095 1313 1158 1374 tum

146 1396 372 1480 comprehensi
396 1419 415 1461 a
437 1396 593 1462 Romanis
616 1395 806 1480 transfugae
835 1401 869 1462 et
891 1399 1077 1481 amputatis
1099 1420 1159 1463 ma·

145 1485 241 1549 nibus
266 1484 395 1550 remissi
417 1489 501 1551 sunt.

93 1588 126 1638 lo
212 1575 242 1639 5.
274 1573 449 1656 Diodotus,
479 1595 551 1639 cum
579 1573 744 1658 praesidio
767 1573 993 1659 Amphipolim
1017 1578 1158 1641 tueretur

148 1666 181 1727 et
203 1664 267 1728 duo
298 1662 390 1727 milia
413 1663 574 1728 Thracum
603 1668 754 1746 suspecta
781 1662 936 1746 haberet,
970 1684 1057 1746 quae
1080 1663 1157 1728 uide·

147 1750 266 1816 bantur
289 1753 402 1816 urbem
426 1752 600 1836 direptum,
623 1752 779 1817 mentitus
798 1755 848 1816 est
870 1772 992 1835 paucas
1018 1752 1156 1818 hostium

148 1862 247 1905 naues
271 1841 418 1924 proximo
446 1840 537 1906 litori
560 1840 755 1924 adplicuisse
787 1862 906 1924 easque
928 1839 1030 1924 diripi
1053 1861 1155 1927 posse:

148 1951 212 2013 qua
235 1951 292 2012 spe
321 1930 507 1994 stimulatos
532 1928 675 1994 Thracas
700 1929 810 1994 emisit
841 1951 878 1994 ac
902 1927 1021 1994 deinde
1045 1929 1156 1996 clausis

97 2033 131 2082 20
149 2019 253 2102 portis
277 2039 343 2082 non
365 2019 499 2102 recepit.

421 2226 506 2282 XVII.
535 2226 583 2281 Dm
602 2224 880 2283 ERUPTIONIBUS.

214 2374 242 2435 1.
275 2371 436 2454 Romani,
473 2372 528 2456 qui
564 2373 600 2436 in
635 2371 798 2458 praesidio
832 2371 1156 2440 Panhormitanorum

148 2465 259 2542 crant,
291 2461 440 2525 ueniente
470 2461 511 2525 ad
539 2461 743 2526 obsidionem
769 2460 975 2526 Hasdrubale
1006 2484 1101 2529 raros
1122 2483 1156 2528 ex

147 2548 310 2613 industria
328 2549 362 2613 in
383 2549 484 2614 muris
502 2553 681 2634 posuerunt
699 2549 898 2615 defensores:
922 2572 1064 2633 quorum
1086 2573 1156 2637 psu-

95 2652 128 2702 25
149 2638 247 2702 citata
271 2642 459 2721 contempta
483 2660 555 2703 cum
578 2640 726 2704 incautus
750 2639 851 2703 muris
875 2639 1067 2705 succederet
1080 2639 1156 2708 Has-

150 2725 276 2810 drubal,
300 2727 466 2810 eruptione
489 2727 574 2792 facta
597 2727 781 2792 ceciderunt
804 2748 886 2792 eum.

213 2815 243 2879 2.
276 2813 436 2879 Aemilius
454 2814 585 2895 Paulus,
608 2816 768 2881 uniuersis
793 2815 966 2902 Liguribus
994 2816 1158 2900 inprouiso

117 2937 120 2942 ·
150 2903 273 2969 adortis
297 2907 405 2969 castra
429 2905 507 2987 eius,
531 2905 682 2970 simulato
706 2906 824 2970 timore
848 2905 987 2970 militem
1011 2904 1068 2972 diu
1091 2928 1158 2972 oon-

148 2993 258 3058 tinuit:
274 2993 388 3057 deinde
407 2993 548 3078 fatigato
567 2994 633 3058 iam
651 2993 746 3058 hoste
766 2996 920 3078 quattuor
938 2995 1046 3077 portis
1071 3016 1158 3079 erup·

98 3096 132 3146 30
154 3083 242 3147 tione
265 3081 354 3147 facta
378 3083 498 3146 strauit
521 3083 669 3167 cepitque
692 3081 838 3167 Ligures.

219 3263 234 3311 7
254 3272 317 3310 cum
336 3256 372 3311 H
386 3257 419 3311 ia
435 3258 512 3325 roal
537 3262 553 3311 9
573 3256 757 3325 debereth
780 3262 813 3312 10
832 3257 892 3329 qui]
912 3275 968 3326 quo
982 3259 1018 3314 H
1031 3259 1160 3328 quoniam

147 3328 167 3382 d
182 3330 187 3396 Ι
208 3332 239 3380 11
260 3326 357 3381 audita
375 3327 427 3397 ΗΙ
449 3335 481 3383 13
501 3345 562 3384 com
583 3327 696 3383 rehensi
713 3330 732 3383 d
750 3329 893 3396 conpressi
909 3329 991 3400 ΗΡΙ
1009 3334 1042 3385 15
1062 3331 1159 3386 Diodo-

147 3399 193 3451 tus
212 3397 278 3451 ΗΡ
292 3398 431 3454 Diodorus
449 3400 508 3455 cdd.
527 3346 586 3455 coll.
605 3399 673 3454 Lc’u.
685 3403 729 3466 44,
743 3403 779 3454 44
795 3403 799 3467 Ι
816 3405 850 3454 16
869 3400 1000 3469 suspecta
1019 3430 1054 3442 -
1069 3403 1160 3457 urbem

147 3483 198 3525 om.
214 3467 277 3533 H¹l
302 3474 334 3522 1⁷
354 3471 398 3524 est
416 3486 466 3525 om.
481 3470 545 3538 H¹1
570 3475 602 3525 19
622 3469 706 3526 clasis
724 3470 769 3524 H¹

219 3544 253 3594 26
272 3539 400 3594 incautas
419 3541 463 3595 Η1
489 3542 667 3597 incautiusd
