2400 3944
389 200 497 256 LIBER
513 200 561 257 IV.
589 199 665 257 cAP.
686 209 763 257 1-3.
1019 200 1083 264 125

61 365 141 430 inde
170 385 189 428 a
217 363 372 448 Philippo
402 369 495 448 patre
523 364 713 448 disciplinae
747 364 941 430 adsuefactis
972 364 1083 428 orbem

63 460 226 520 terrarum
246 453 418 538 adgressus
436 452 691 518 innumerabiles
710 453 854 518 hostium
869 453 979 538 copias
995 452 1084 518 uicit.

134 541 164 608 5.
197 538 302 626 Cyrus
317 542 404 607 bello
420 542 574 607 aduersus
588 541 705 607 Persas
724 542 981 626 quattuordecim
1000 541 1084 606 mili·

64 632 128 697 bus
153 634 352 696 armatorum
375 631 538 695 inmensas
562 631 770 696 difficultates
794 631 968 715 superauit.

134 720 164 784 6.
195 717 438 803 Epaminondas
453 719 517 784 dux
531 719 760 786 Thebanorum
779 723 933 804 quattuor
950 719 1084 784 milibus
1104 734 1120 784 5

64 808 251 892 hominum,
287 830 326 873 ex
363 809 479 893 quibus
512 806 622 874 0000
656 812 785 873 tantum
822 808 946 892 equites
983 812 1084 892 erant,

64 895 396 962 Lacedaemoniorum
425 897 600 962 exercitum
628 897 748 983 uiginti
776 901 930 982 quattuor
957 896 1083 961 milium

65 985 222 1070 peditum,
246 987 391 1070 equitum
415 986 503 1050 mille
528 990 747 1051 sescentorum
769 986 857 1051 uicit

136 1075 166 1139 7.
197 1075 229 1139 A
247 1074 504 1159 quattuordecim
523 1075 655 1141 milibus
676 1073 881 1158 Graecorum,
900 1071 956 1159 qui
973 1095 1084 1138 nume-

65 1184 123 1227 rus
140 1162 181 1230 ,in
205 1162 334 1228 auxiliis
358 1160 436 1247 Cyri
459 1162 612 1229 aduersus
637 1162 840 1228 Artaxerxen
861 1163 931 1246 fuit,
955 1167 1084 1227 eentum
1106 1177 1138 1226 ιο

68 1252 162 1316 milia
185 1251 400 1316 barbarorum
423 1253 546 1336 proelio
571 1257 724 1335 superata
747 1257 831 1318 sunt.

136 1341 169 1405 8.
191 1339 316 1404 Eadem
328 1339 526 1406 Graecorum
540 1342 692 1426 [proelio]
714 1341 972 1427 quattuordecim
995 1341 1086 1405 milia

67 1427 199 1493 amissis
224 1429 374 1513 ducibus,
400 1430 522 1495 reditus
551 1431 602 1495 sui
626 1452 703 1495 eura
725 1432 783 1495 uni
807 1452 846 1494 ex
870 1452 1002 1514 corpore
1026 1452 1085 1494 suo

67 1515 281 1602 Xenophonti
294 1517 489 1583 Atheniensi
503 1519 707 1604 demandata,
724 1542 783 1603 per
800 1519 912 1603 iniqua
926 1522 959 1583 et
972 1520 1086 1604 ignota

69 1605 143 1672 loca
165 1607 344 1671 incolumia
365 1629 498 1671 reuersa
521 1611 604 1672 sunt.
1105 1620 1138 1670 16

135 1695 165 1761 9.
197 1693 320 1759 Xerxes
344 1717 364 1758 a
386 1696 538 1760 trecentis
567 1695 895 1761 Lacedaemoniorum
924 1694 965 1759 ad
988 1694 1086 1759 Ther·

68 1784 219 1868 mopylas
242 1787 387 1866 uexatus,
410 1807 484 1849 cum
507 1784 563 1848 uix
586 1806 641 1849 eos
664 1785 865 1862 confecisset,
889 1784 951 1848 hoc
975 1805 1008 1847 se
1032 1783 1086 1847 de-

71 1876 200 1956 ceptum
223 1873 341 1954 aiebat,
365 1874 450 1956 quod
474 1874 594 1937 multos
618 1873 746 1957 quidem
769 1872 919 1937 homines
942 1872 1086 1956 haberet,

70 1960 158 2026 uiros
182 1965 292 2025 autem
316 1960 505 2045 disciplinae
528 1966 657 2027 tenaces
680 1963 796 2027 nullos.

377 2169 426 2227 III.
455 2171 504 2225 DE
523 2169 781 2225 CONTINENTIA.
1104 2171 1139 2222 20

137 2299 165 2365 1.
197 2296 241 2363 M.
265 2295 422 2364 Catonem
445 2299 527 2363 'uino
556 2297 669 2363 ecdem
698 2321 762 2382 quo
792 2298 931 2382 remiges
955 2301 1085 2362 conten·

70 2391 140 2452 tum
163 2386 264 2451 fuisse
287 2387 436 2452 traditur.

135 2477 167 2542 2.
185 2473 362 2560 Fabricius,
376 2498 449 2540 cum
465 2472 581 2553 (lineas
596 2475 723 2561 legatus
738 2475 948 2559 Epirotarum
964 2473 1086 2559 grande
1123 2480 1167 2565 „J

68 2564 197 2648 pondus
216 2563 288 2628 auri
307 2564 391 2629 dono
407 2565 436 2628 ei
459 2564 560 2647 daret,
582 2585 650 2628 non
672 2567 805 2648 accepto
825 2585 862 2628 eo
882 2563 964 2627 dixit
988 2563 1086 2628 malle

68 2675 102 2718 se
125 2652 322 2717 habentibus
344 2651 377 2715 id
400 2653 573 2738 imperare,
597 2675 693 2736 quam
717 2652 846 2718 habere.
1106 2671 1140 2720 ab

136 2741 166 2807 3.
199 2740 321 2806 Atilius
335 2739 490 2826 Regulus,
513 2763 586 2806 cum
605 2741 740 2806 summis
763 2740 860 2805 rebus
883 2740 1087 2824 praefuisset,

143 2993 158 3041 2
177 2985 339 3042 innumeras
354 2986 404 3058 ΡΙ
428 2993 444 3041 11
463 2988 513 3043 boc
532 2987 681 3054 exemplam
700 2987 821 3040 alienam
837 2990 920 3054 putat
939 2984 1024 3040 cca.-
1043 2987 1089 3041 sed

68 3059 106 3128 cf.
125 3059 218 3128 praef.
241 3057 263 3130 ‚d
280 3063 298 3113 9
321 3061 325 3126 1
350 3055 437 3128 cyrus
461 3059 493 3112 in
515 3074 570 3112 ras.
589 3059 607 3112 b
626 3055 725 3126 Cyrrus
745 3058 774 3110 P
792 3059 796 3128 1
822 3057 957 3125 quattuor
976 3056 1016 3111 .X.
1037 3056 1087 3127 01

69 3153 86 3202 6
106 3145 213 3202 0000.
230 3144 312 3202 aa?
328 3143 433 3203 .0000.
452 3145 487 3200 H
491 3145 501 3177 ¹
517 3147 521 3214 1
547 3147 658 3200 tantum
676 3175 712 3184 —
730 3145 1015 3200 Lacedaemoniorum
1038 3162 1088 3203 cm.

68 3217 107 3273 H
111 3218 120 3248 ¹
137 3216 142 3287 1
159 3215 308 3274 anxilii
322 3222 360 3272 m.
377 3216 404 3272 G
420 3221 457 3284 18
478 3218 670 3272 sexcentorum
684 3217 736 3270 bP
751 3215 756 3285 1
774 3221 806 3270 10
821 3219 898 3270 atter
911 3233 1014 3271 xerxen
1027 3216 1093 3271 ΗΡ

70 3291 250 3344 artarxmsen
265 3289 312 3358 01
332 3290 444 3344 centum
464 3288 544 3343 milia
558 3287 593 3341 Η
597 3289 624 3341 Ρ
642 3294 664 3342 c.
679 3291 715 3343 ᾖ.
732 3288 779 3356 G!
802 3293 834 3340 11
855 3287 979 3357 superati
996 3289 1055 3354 (sed
1072 3305 1089 3343 a

68 3375 161 3429 supra
183 3360 193 3413 i
215 3362 333 3428 scripta)
354 3360 411 3428 ΗΙ
438 3365 470 3414 12
498 3358 605 3430 proelio
628 3375 661 3413 ea
684 3360 780 3428 priore
804 3374 887 3413 uersa
908 3359 985 3414 baud
1007 3360 1090 3415 dubie

68 3431 217 3500 repetitum
234 3431 335 3486 debui:
358 3437 423 3487 cate
442 3429 552 3485 amissis
571 3431 602 3486 id
623 3434 852 3500 praeposterum
869 3431 950 3502 edd!
972 3435 1005 3485 18
1024 3448 1088 3501 age-

69 3504 124 3558 bat
144 3500 192 3569 01
214 3507 248 3557 1e
267 3503 361 3556 autem
381 3519 431 3558 om.
453 3502 499 3570 Ρ1
519 3500 626 3556 tenacis
643 3502 662 3556 b

143 3577 177 3627 11
197 3573 247 3629 hoc
264 3575 414 3642 exemplum
431 3573 570 3643 amariori
585 3573 673 3642 capiti
690 3573 790 3628 tribuit
804 3572 855 3642 ΗΙ
871 3578 905 3627 ab
923 3572 1026 3628 hebere
1041 3573 1076 3628 H
1079 3573 1089 3604 ¹
