2400 3944
137 197 181 262 24
346 196 422 252 IULI
440 195 618 252 PRONTINI
638 194 960 250 STRATEGEMATON

135 363 250 424 noster
282 360 456 442 exercitus,
493 358 698 423 succiderunt
732 358 865 423 arbores
897 359 957 442 ita,
995 362 1034 423 ut
1066 361 1149 444 parte

138 448 256 534 exigua
278 449 481 512 sustentatae
505 450 643 529 starent,
671 446 773 513 donec
800 448 1052 533 inpellerentur3
1081 447 1149 512 deli·

138 540 270 603 tuerunt
298 535 413 601 deinde
441 534 482 600 ad
510 540 671 601 extremas
704 536 768 621 ipsi
795 536 1009 622 ingressoque
1040 536 1150 601 siluam

138 626 233 691 hoste
258 625 358 709 <per>
382 624 547 709 proximas
571 624 742 689 ulteriores
767 625 969 709 inpulerant:
997 646 1035 690 eo
1060 624 1150 691 modo

104 729 119 780 5
139 717 322 799 propagata
344 714 467 799 pariter
490 735 589 797 supra
612 713 779 778 Romanos
797 714 893 778 ruina
910 735 1067 800 magnam
1092 735 1152 779 ma

137 825 216 868 num
241 802 402 867 eliserunt.

140 1012 199 1068 VH.
227 1010 516 1077 QUEMADMODUM
531 1010 588 1080 ΕΔ,
603 1009 736 1077 QUIBUS
751 1010 987 1078 camalerica,
1002 1010 1153 1067 VIDEAN·

183 1100 259 1155 TUR
275 1098 355 1153 NON
373 1098 511 1155 DEESSE
533 1099 607 1154 AUT
627 1099 717 1156 Usus
736 1100 866 1156 EORUM
883 1099 1117 1157 EXPLEATUR.

210 1247 237 1308 1.
251 1242 294 1319 VL.
311 1242 470 1311 Caecilius
494 1242 659 1330 Metellus,
683 1245 760 1330 quia
784 1268 844 1310 usu
867 1246 1014 1328 nauium,
1038 1246 1152 1331 quibus

89 1350 121 1400 ιο
141 1332 331 1416 elephantos
367 1336 621 1417 transportaret,
662 1333 886 1418 deficiebatur,
926 1333 1034 1399 iunxit
1071 1334 1153 1400 dolia

140 1421 386 1506 constrauitque
419 1422 574 1486 tabulatis
608 1443 644 1487 ac
674 1444 770 1507 super
799 1445 837 1488 ea
868 1424 994 1509 positos
1023 1444 1085 1506 per
1113 1421 1153 1489 si-

140 1512 248 1576 culum
271 1510 392 1575 fretum
415 1510 607 1576 transmisit.

207 1600 237 1664 2.
269 1597 447 1682 Hannibal,
480 1621 553 1664 cum
581 1600 616 1664 in
642 1601 781 1685 praealti
807 1600 949 1665 fluminis
978 1601 1154 1666 transitum

141 1687 333 1772 elephantos
356 1710 423 1752 non
445 1692 557 1772 posset
575 1690 768 1772 compellere
781 1711 841 1754 nec
859 1690 994 1755 nauium
1013 1692 1074 1753 aut
1092 1712 1154 1755 ma·

89 1794 120 1845 15
140 1777 308 1861 teriarum,
328 1777 444 1862 quibus
463 1780 551 1843 rates
571 1781 847 1863 construerentur,
866 1779 992 1862 copiam
1010 1777 1155 1864 haberet,

140 1866 237 1931 iussit
259 1864 497 1931 ferocissimum
519 1867 729 1950 elephantum
754 1868 814 1931 sub
839 1888 915 1931 aure
934 1867 1102 1932 uulnerari
1126 1871 1155 1932 et

141 1977 216 2020 eum
235 1957 289 2038 qui
308 1956 511 2020 uulnerasset
530 1960 659 2021 tranato
675 1956 786 2020 statim
805 1956 936 2020 flumine
953 1977 1155 2038 procurrere:

142 2045 333 2129 elephantus
364 2048 572 2128 exasperatus
601 2044 641 2109 ad
669 2044 928 2129 persequendum
955 2043 1079 2110 doloris
1108 2043 1155 2111 sui

142 2138 307 2198 auctorem
340 2133 485 2198 tranauit
517 2154 645 2199 amnem
678 2137 710 2198 et
741 2133 875 2217 reliquis
903 2133 989 2198 idem
1018 2133 1157 2200 audendi

88 2239 121 2288 20
140 2221 218 2286 fecit
241 2222 430 2305 exemplum.

208 2310 238 2373 3.
262 2307 580 2394 Carthaginiensium
598 2310 695 2376 duces
712 2311 904 2376 instructuri
918 2311 1066 2393 classem,
1081 2311 1157 2396 quia

142 2401 253 2482 sparto
283 2397 525 2480 deliciabantur,
556 2398 699 2465 crinibus
722 2403 891 2464 tonsarum
918 2399 1095 2466 mulierum
1120 2399 1158 2466 ad

140 2487 235 2552 funes
260 2486 445 2552 efficiendos
469 2487 518 2551 usi
543 2491 625 2553 suut.

209 2577 253 2656 [4.
275 2575 365 2640 Idem
389 2575 611 2642 Massilienses
634 2581 668 2642 et
691 2576 813 2642 Rhodii
834 2576 1002 2657 fecerunt]

87 2682 121 2732 25
208 2664 238 2729 5.
274 2663 318 2729 M.
341 2663 503 2730 Antonius
532 2688 551 2731 a
578 2666 705 2732 Mutina
737 2665 894 2752 profugus
928 2666 1064 2731 cortices
1099 2687 1158 2752 pro

141 2753 243 2819 scutis
266 2752 426 2819 militibus
451 2754 518 2840 spis
543 2754 639 2820 dedit.

214 2936 227 2983 1
247 2928 424 2985 succiderant
441 2930 461 2984 rt
477 2931 481 2998 Ι
498 2932 630 2998 exparte
648 2928 725 2998 Pla
746 2929 916 2984 delituerant
935 2930 970 2983 Η
972 2930 1007 2997 P,
1025 2944 1098 2985 corr.
1113 2932 1133 2986 d
1151 2930 1156 3000 Ι

140 3007 157 3056 4
175 3017 226 3070 per
244 3002 373 3071 suppleat
390 2999 525 3070 proximis
547 3000 629 3056 Gaetu
651 2999 793 3069 proximas
812 3001 842 3054 in
862 3001 946 3062 Teon.
966 3001 995 3055 in
1013 3000 1160 3069 proximas

142 3071 211 3128 Oad.
230 3076 233 3139 Ι
257 3078 273 3126 5
291 3073 471 3140 propugnata
486 3071 521 3126 H
523 3070 532 3101 ¹

213 3142 400 3198 ldeficiemur
409 3143 509 3210 scripsi
527 3141 711 3197 deficimurH
726 3141 871 3196 deficimus
881 3143 919 3197 P:
933 3143 968 3210 cf.
975 3143 1067 3212 praef.
1079 3142 1142 3215 §14
1154 3143 1158 3216 Ι

141 3219 157 3268 8
176 3214 208 3267 ut
227 3213 255 3267 P
276 3216 281 3282 1
306 3219 322 3267 9
342 3230 408 3267 usus
426 3212 502 3281 HP,
521 3228 590 3267 corr.
609 3213 629 3268 d
654 3215 657 3282 Ι
684 3218 715 3266 11
735 3212 873 3268 tabulatis
893 3213 937 3280 H,
954 3215 1001 3269 sed
1019 3232 1033 3268 s
1050 3215 1084 3269 ira
1102 3231 1159 3272 ras.

140 3285 261 3340 dearum
279 3284 367 3338 little
394 3283 598 3338 tabulamentis
618 3283 665 3353 Pl
691 3288 724 3339 15
744 3287 971 3339 construerentur
989 3285 1008 3340 d
1032 3287 1160 3340 conster-

140 3355 272 3409 narentur
282 3353 317 3409 H
332 3354 541 3412 continerentur
556 3353 611 3410 ΟΡ
628 3357 842 3410 contexerentur
853 3355 923 3411 Oad.
941 3357 945 3426 l
961 3356 1066 3410 habere
1076 3355 1142 3412 011
1153 3355 1159 3428 Ι

142 3432 175 3481 16
195 3426 374 3494 elephantem
393 3426 438 3479 Η1
458 3427 463 3494 Ι
490 3432 530 3490 19,
542 3425 675 3481 audiendi
693 3426 758 3481 ΗΡ
773 3431 836 3481 uate
853 3443 908 3482 ras.
926 3428 940 3496 l
956 3432 989 3481 21
1010 3426 1161 3499 chartagi-

140 3495 268 3555 nensium
287 3495 311 3551 0
333 3494 597 3565 Carthaginensium
616 3498 634 3552 la
658 3500 663 3566 Ι
688 3502 725 3552 24
743 3499 893 3567 exemplam
912 3499 1033 3553 alienum
1051 3503 1105 3554 est:
1124 3499 1159 3567 ef.

136 3569 227 3640 praef.
248 3567 268 3639 t
288 3572 306 3622 ⁹
