2392 3944
146 191 189 257 28
351 189 623 264 ΙΠΒΙἙΒΟΝΤΙΝΙ
644 188 965 245 STRATEGEMATON

147 376 235 420 cesse
258 354 321 420 fuit
343 358 440 439 eapta
459 354 595 418 castella
615 352 776 438 praesidio
796 352 957 418 obtinere:
982 375 1068 438 quos
1087 352 1160 419 Dio·

146 444 272 526 nysius,
295 443 443 508 redactos
468 443 507 507 ad
532 464 628 527 quam
653 442 800 507 voluerat
822 440 1037 526 paucitatem,
1064 462 1162 526 paene

146 533 212 597 iam
230 554 290 616 par
307 553 442 597 numero
462 530 635 615 adgressus
654 531 742 609 uicit,
761 553 834 597 oum
853 551 929 596 suos
946 531 1163 597 contraxisset

147 623 180 685 et
204 621 407 686 aduersarios
431 619 613 703 sparsisset.

111 723 127 772 5
216 709 266 774 12.
291 708 465 794 Agesilaus
484 707 774 790 Lacedaemonius,
794 729 866 772 oum
885 707 1022 773 inferret
1044 707 1160 774 bellum

146 796 393 883 Tissaphernae,
413 795 542 862 Cariam
562 818 596 861 se
614 799 725 881 petere
744 797 919 876 simulauit,
938 797 1034 880 quasi
1056 795 1163 880 aptius

146 885 227 953 loeis
241 886 423 953 montuosis
438 885 594 951 aduersus
613 885 741 950 hostem
756 885 901 969 equitatu
920 885 1173 970 praeualentem,

146 979 359 1060 puguaturus.
405 997 462 1057 per
485 975 570 1040 hano
593 973 723 1038 consilii
747 973 1001 1039 ostentationem
1026 978 1164 1040 auocato

146 1063 181 1127 in
195 1061 325 1129 Cariam
340 1062 567 1146 Tissapherne,
586 1063 655 1147 ipse
669 1060 818 1146 Lydiam,
836 1063 892 1128 ubi
906 1067 1005 1146 eaput
1017 1062 1162 1128 hostium

95 1167 128 1216 10
147 1151 240 1237 regni
259 1155 339 1233 erat,
362 1151 487 1235 inrupit
510 1151 748 1236 oppressisque,
771 1151 826 1236 qui
849 1150 917 1216 illio
935 1151 1091 1236 agebant,
1112 1170 1162 1236 pe·

148 1241 243 1305 onnia
259 1239 357 1325 regia
379 1241 503 1324 potitus
528 1243 586 1306 est.

227 1448 315 1506 VIIII.
343 1448 392 1503 DE
413 1447 605 1504 SEDITIONE
624 1447 782 1503 MlLlTUM
801 1447 1083 1505 COMPESOENDA.

216 1594 245 1657 1.
278 1591 382 1658 Aulus
410 1593 551 1659 Manlius
579 1595 706 1678 consul,
740 1616 812 1659 oum
846 1593 1062 1678 comperisset
1094 1616 1167 1660 oon·

147 1681 271 1746 iurasse
303 1683 422 1748 milites
455 1683 489 1746 in
522 1682 667 1747 hibernis
697 1680 908 1768 Campaniae,
941 1686 979 1747 ut
1009 1683 1166 1766 iugulatis

96 1784 128 1835 15
147 1770 333 1855 hospitibus
351 1771 417 1855 ipsi
435 1793 486 1836 res
505 1772 696 1836 inuaderent
714 1794 833 1856 eorum,
853 1792 1016 1836 rumorem
1036 1772 1167 1857 sparsit,

148 1858 262 1925 eodem
284 1861 356 1926 loeo
380 1861 622 1926 hibernaturos:
650 1864 749 1944 atque
776 1861 824 1925 ita
848 1860 994 1943 <dilat0>
1018 1862 1167 1926 coniura-

147 1952 256 2013 torum
285 1949 421 2015 oonsilio
453 1947 667 2033 Campaniam
699 1949 841 2034 periculo
874 1948 1027 2014 liberauit
1062 1953 1097 2015 et
1130 1971 1165 2016 ex

148 2038 315 2103 oooasione
338 2043 491 2103 nocentes
515 2037 631 2121 puniit
1189 2046 1192 2121 i

216 2126 244 2190 2.
268 2125 303 2191 L.
324 2124 429 2210 Sulla,
453 2148 526 2191 oum
549 2125 693 2211 legiones
713 2126 832 2190 oiuium
850 2125 1075 2201 Romanorum
1097 2130 1192 2223 per-j

95 2229 129 2278 20
148 2214 273 2278 nioiosa
297 2215 454 2279 seditione
476 2214 634 2297 furerent,
663 2214 798 2280 oonsilio
821 2215 968 2280 restituit
991 2215 1166 2282 sanitatem
1190 2248 1192 2255 ·

149 2301 301 2368 efferatis.
346 2324 482 2388 propere
506 2302 592 2367 enim
616 2304 803 2368 adnuntiari
826 2304 936 2387 iussit,
958 2302 1091 2368 hostem
1114 2302 1166 2369 ad·

149 2410 233 2473 esse,
265 2394 299 2454 et
326 2390 367 2455 ad
395 2413 486 2455 arma
515 2392 701 2457 uocantium
741 2393 916 2458 clamorem
947 2392 1036 2476 tolli,
1075 2392 1192 2478 signu¹

149 2499 275 2543 canere:
299 2479 446 2544 discussa
469 2479 583 2544 seditio
608 2485 658 2545 est
676 2481 836 2546 uniuersis
857 2481 1012 2546 aduersus
1035 2480 1166 2546 hostem

149 2567 435 2633 consentientibus.

95 2670 128 2721 aa
217 2657 246 2720 3.
277 2654 333 2721 Cn.
357 2657 546 2742 Pompeius,
569 2658 732 2724 trucidato
756 2659 796 2722 ab
821 2659 964 2723 exercitu
988 2656 1168 2725 Mediolani

224 2855 238 2903 1
259 2849 385 2905 obtinere
404 2851 553 2906 Heinsius:
571 2851 606 2918 of.
626 2855 653 2917 3,
667 2854 694 2917 3,
709 2855 733 2905 1.
753 2854 811 2917 6,1
834 2848 875 2904 ibi
892 2851 988 2904 tenere
1007 2849 1043 2904 H
1046 2851 1076 2904 P
1097 2848 1167 2905 mili·

151 2923 211 2975 tum
231 2923 365 2978 tenered
389 2921 393 2993 Ι
420 2928 435 2975 3
453 2939 505 2991 par
523 2938 574 2978 om.
588 2921 633 2976 H¹
658 2920 662 2992 Ι
693 2920 947 2976 tlaoaedemoniis
965 2920 1001 2976 H
1020 2923 1024 2991 Ι
1050 2927 1067 2977 6
1086 2921 1168 2977 tissa·

151 2993 257 3060 pherne
276 2993 311 3047 H
327 2993 509 3062 Tissapherni
528 2994 614 3115 eddq
630 2990 732 3074 uariam
752 3008 802 3048 om.
822 2992 887 3060 Hll
910 2992 1070 3064 repetere]
1089 3008 1169 3062 repe-

150 3065 209 3118 tere
224 3064 259 3118 H
271 3065 276 3133 Ι
293 3070 308 3119 7
324 3064 479 3133 equitatum
494 3063 529 3117 H
542 3066 545 3133 Ι
562 3070 578 3118 9
614 3063 710 3132 ydram
724 3095 758 3103 —
773 3064 859 3133 caput
876 3080 925 3120 om.
937 3063 973 3117 H
985 3065 989 3131 Ι
1007 3069 1041 3118 10
1055 3079 1169 3134 oppres·

150 3134 187 3188 sit
206 3135 310 3203 quique
331 3134 447 3205 (quequi
465 3150 534 3190 corr.
552 3135 582 3203 b)
602 3134 654 3203 Hl
676 3133 720 3188 illi
738 3135 784 3189 H¹

225 3212 257 3260 13
276 3206 398 3260 Manlius
418 3206 476 3260 cdd.
501 3203 602 3260 melius
623 3205 650 3273 (i
668 3222 801 3275 superam.
816 3205 859 3273 H)
877 3204 937 3260 OH
959 3203 1075 3259 mallius
1091 3204 1120 3259 P
1141 3203 1168 3261 C.

148 3273 269 3329 Marcius
288 3275 365 3331 Stew.
385 3293 418 3331 ea
436 3276 502 3331 Liu.
522 3281 549 3343 7,
563 3281 644 3344 38,8
673 3279 677 3345 Ι
708 3274 910 3345 comperissent
929 3275 964 3329 H
984 3280 1048 3331 uate
1067 3292 1138 3332 corr.
1162 3274 1168 3347 Ι

151 3351 184 3400 15
206 3346 371 3415 spargitPl
390 3353 422 3400 16
442 3346 541 3402 eodem
560 3347 626 3402 dein
637 3348 707 3404 Oud.
728 3348 824 3403 eodem
846 3346 1048 3403 denuoHurtel
1066 3346 1169 3403 iterum

153 3416 252 3471 eodem
274 3416 304 3471 0.
319 3417 481 3485 Hirschfeld
496 3422 500 3480 1
517 3417 606 3474 dilato
625 3420 754 3490 suppleat
772 3419 830 3474 coll.
845 3418 910 3473 Liu.
927 3422 1040 3486 7,3a,9
1060 3421 1170 3474 eontur¹

151 3486 221 3542 bato
240 3488 305 3542 add.
320 3487 421 3543 Hartel
445 3490 560 3545 turbato
575 3497 638 3561 post
657 3489 774 3546 consilio
792 3491 920 3558 supplent
938 3489 1020 3560 edd!
1044 3494 1079 3545 19
1099 3488 1173 3560 sylla

150 3559 185 3614 H
191 3558 238 3628 Pl
261 3565 294 3613 22
314 3561 446 3614 uocatum
462 3561 497 3614 H
512 3567 575 3616 aare
593 3579 661 3617 corr.
683 3564 688 3630 l
711 3566 745 3616 25
763 3562 877 3616 traduto
891 3560 936 3615 H¹
