2400 3944
381 193 492 248 LIBER
508 193 558 248 III.
587 191 664 250 CAP.
684 199 762 249 6-8.
1034 194 1077 259 99

58 363 180 442 terem,
212 355 268 441 qui
296 356 434 421 siccatus
462 357 652 441 ingressum
678 357 871 442 praebebat,
899 357 1012 425 urbem
1035 358 1083 423 in·

59 447 173 512 tranit

129 534 173 616 [5.
207 531 396 599 Samiramis
415 533 569 599 aduersus
594 534 724 599 eosdem
744 533 944 618 Babylonios
968 536 1081 601 eodem

58 624 230 708 Euphrate
254 644 368 688 auerso
392 623 479 687 idem
503 622 619 688 fecisse
643 623 784 703 dicitur].

129 713 160 778 6.
192 709 377 777 Clisthenes
397 709 567 796 Sicyonius
592 712 723 776 ductum
747 733 904 796 aquarum
927 712 962 776 in
986 713 1078 796 oppi·
1098 727 1114 778 6

59 803 137 867 dum
161 798 366 866 Crisaeorum
389 800 547 866 ferentem
569 801 671 885 rupit:
694 821 770 865 mox
793 800 929 865 adfectis
953 801 1007 864 siti
1030 822 1078 865 re-

61 891 171 957 stituit
194 911 311 973 aquam
335 889 477 954 elleboro
501 894 704 972 corruptam,
728 912 792 974 qua
814 911 890 954 usos
918 888 1079 972 profluuio

59 979 186 1045 uentris
210 977 394 1043 deficientes
419 978 514 1060 cepit.

204 1151 279 1208 VIII.
307 1152 356 1207 DE
375 1150 566 1207 INIGIENDO
586 1150 752 1207 ousussls
769 1150 926 1208 PAVORE.

131 1264 157 1328 1.
189 1261 374 1347 Philippus,
402 1283 476 1326 cum
504 1260 694 1326 Prinassum
723 1262 894 1328 castellum
922 1262 1014 1326 nulla
1041 1263 1075 1326 ui
1098 1278 1131 1328 10

60 1372 174 1436 capere
198 1355 316 1435 posset,
339 1354 462 1415 terram
486 1353 562 1415 ante
587 1351 676 1435 ipsos
699 1373 811 1417 muros
834 1352 956 1436 egessit
980 1352 1076 1417 simu-

60 1440 205 1524 lsuitque
234 1439 288 1524 agi
315 1439 510 1504 cuniculum:
538 1440 724 1524 castellani,
756 1441 833 1524 quia
861 1439 1013 1505 subrutos
1045 1461 1079 1505 se

63 1530 299 1612 existimarant,
323 1527 521 1593 dediderunt.

126 1618 157 1683 2.
189 1615 365 1700 Pelopidas
389 1614 561 1681 Thebanus
584 1616 775 1702 Magnetum
803 1617 867 1681 duo
892 1614 1012 1699 oppida
1035 1617 1076 1680 si-

58 1707 127 1771 mul
150 1709 394 1790 oppugnaturus
413 1727 478 1770 non
502 1706 550 1770 ita
568 1706 667 1791 longo
692 1705 798 1789 spatio
822 1704 986 1787 distantia,
1011 1726 1074 1788 quo
1096 1721 1129 1770 15

59 1799 208 1879 tempore
224 1795 263 1859 ad
279 1793 416 1858 alterum
436 1815 547 1859 eorum
567 1795 740 1858 exercitum
761 1792 967 1877 admouebat,
985 1814 1078 1877 prae-

60 1885 163 1969 cepit,
186 1886 224 1947 ut
247 1904 286 1947 ex
309 1882 490 1966 composito
456 1882 555 1946 tab
581 1882 654 1946 aliis
678 1904 733 1947 cas
734 1883 794 1947 tris
814 1885 967 1967 quattuor
989 1882 1078 1968 equi-

61 1976 113 2037 tes
141 1971 291 2044 coronati
320 1972 461 2037 notabili
489 1971 604 2035 alaerit
590 1975 658 2035 tete
681 1971 773 2035 uelut
798 1971 972 2036 uictoriam
995 1993 1076 2035 nun-

58 2063 181 2126 tiantes
213 2061 372 2125 uenirent
348 2060 455 2124 tad
487 2061 578 2124 cuius
607 2061 847 2124 simulationem
877 2059 1018 2139 curauit,
1040 2063 1078 2125 ut

57 2151 143 2215 silua
162 2171 244 2234 quae
263 2150 299 2213 in
317 2149 422 2214 medio
442 2154 514 2214 erat
535 2149 769 2231 incenderetur,
793 2149 982 2232 praebitura
1006 2170 1074 2233 spe·
1095 2164 1129 2215 20

57 2240 142 2304 ciem
170 2237 260 2303 urbis
294 2237 449 2323 ardentis3
477 2243 577 2322 ,praet
579 2260 653 2303 erea
686 2238 841 2320 quosdam
872 2259 931 2322 cap
933 2237 1076 2302 tinorum

55 2327 173 2393 habitu
191 2325 305 2392 eodem
324 2326 419 2390 iussit
437 2326 583 2410 perduci:
607 2349 670 2412 qua
690 2327 934 2392 adseueratione
953 2330 1076 2410 perter-

57 2417 115 2482 riti
139 2415 195 2500 qui
219 2415 460 2500 obsidebantur,
483 2414 560 2480 dum
582 2416 618 2480 in
640 2419 732 2500 parte
756 2417 823 2480 iam
848 2437 882 2480 se
906 2420 1076 2499 superatos

58 2505 263 2588 existimant,
286 2504 478 2569 defecerunt.

125 2595 156 2659 3.
186 2590 290 2678 Cyrus
313 2592 485 2657 Persarum
511 2614 583 2674 rex,
611 2593 736 2658 incluso
760 2590 915 2658 Sardibus
945 2590 1074 2670 Croeso,
1094 2606 1129 2656 25

57 2704 124 2767 qua
146 2685 342 2767 praeruptus
370 2703 462 2747 mons
491 2682 619 2746 nullum
649 2681 774 2746 aditum
800 2681 1004 2766 praestabat,
1033 2680 1074 2745 ad

57 2771 188 2836 moenia
214 2772 318 2835 malos
348 2771 557 2855 exaequantis
586 2771 794 2835 altitudinem
822 2771 891 2855 iugi
922 2770 1076 2854 subrexit,

131 2932 145 2981 1
164 2927 267 2996 prebat
284 2927 349 2995 H¹l
369 2933 385 2982 3
403 2929 553 2996 exemplum
571 2928 706 2982 alienum:
725 2927 760 2993 cf.
777 2926 866 2995 praefi
886 2924 944 2996 §9
986 2925 1074 2979 Sami·

55 2999 132 3054 ranis
152 2999 195 3053 Η1
216 2997 414 3053 Semiramisd
439 2997 443 3070 Ι
467 2998 566 3052 eodem
585 2997 629 3052 Η1
654 3000 658 3068 Ι
684 2997 796 3052 eosdem
816 2996 850 3050 H
872 3003 876 3060 l
901 3002 917 3049 6
938 2994 1008 3050 Cist
996 2998 1074 3050 tenes

56 3069 291 3196 cpcioniueHP}
315 3075 331 3123 6
351 3067 546 3124 Cirrhaeorum
565 3069 625 3127 Ser
641 3069 699 3124 coll
717 3069 858 3169 Polpoen.
865 3071 936 3132 6,13
953 3069 957 3134 Ι
974 3071 989 3120 7
1008 3074 1074 3120 usus

84 3140 140 3211 ΗΙ
165 3147 181 3196 8
201 3140 362 3195 deficientes
379 3141 496 3209 Lipsius
519 3140 716 3210 deccepientes
734 3138 770 3193 Η
798 3107 971 3208 decipientes
990 3138 1008 3191 6
1027 3136 1074 3191 de·

56 3209 165 3282 cipiens
186 3212 214 3264 P
231 3211 401 3281 desipientes
421 3211 523 3266 &uter

131 3288 164 3337 10
185 3281 346 3337 Prinassum
371 3282 440 3337 Oud
460 3284 519 3337 coll.
539 3283 634 3352 Polyb
653 3286 764 3347 16,11.
799 3282 1073 3352 Polyaen.4,16,1

55 3354 206 3409 trincesum
217 3355 252 3408 Η
256 3356 283 3408 Ρ
297 3356 302 3424 Ι
320 3359 351 3408 11
367 3352 492 3424 adgessit
505 3354 564 3409 add.
582 3301 636 3422 lym
652 3352 813 3407 subrutosd
832 3353 981 3421 subreptos
991 3350 1071 3422 HPl

58 3431 92 3480 16
112 3425 309 3480 existimarunt
326 3426 345 3481 d
372 3371 572 3479 existimabant
590 3425 659 3479 Ded
682 3427 686 3489 Ι
711 3425 874 3487 forteresse
893 3422 1074 3478 dediderunt.-

56 3498 91 3564 cf.
106 3513 136 3566 p.
153 3501 244 3566 92,11
260 3498 264 3565 Ι
282 3503 315 3552 16
334 3498 467 3567 longo-
482 3497 609 3566 tempore
627 3510 677 3551 om
692 3494 808 3564 H1120
826 3493 1075 3564 praebiturumH²

55 3568 249 3638 praebituram
267 3569 286 3622 b

877 3651 914 3708 7*
