2400 3944
143 192 209 255 142
342 190 416 246 IULI
434 187 613 245 FRONTINI
632 187 955 245 STRATEGEMATON

142 376 175 419 se
198 355 295 418 iussit
319 353 411 437 eique
435 350 615 434 excusauit,
639 351 725 435 quod
747 351 871 416 inuidia
895 351 1147 417 commilitonum

140 445 278 507 uirtutes
307 441 395 505 illius
425 441 466 505 ad
493 440 527 505 id
557 445 685 523 tempus
708 439 906 524 ignorasset:
939 443 1012 504 tum
1036 440 1149 506 donato

141 532 171 595 ei
195 552 276 614 equo
300 529 469 612 pecuniam
492 529 625 612 insuper
647 528 786 613 largitus
810 528 967 612 obtinuit,
991 532 1038 612 ut,
1062 551 1149 615 quem

141 641 180 683 ex
203 618 400 684 conscientia
422 618 586 700 trepidum
609 618 809 700 arcessierat,
832 617 955 682 laetum
979 617 1151 683 dimitteret

105 725 120 774 s
141 713 173 771 et
197 729 235 771 ex
258 708 357 772 dubio
376 707 409 771 in
428 707 588 790 reliquum
606 728 673 771 non
690 705 797 771 minus
820 705 948 770 fidelem
973 728 1075 790 quam
1096 708 1151 772 for·

139 801 204 860 tem
229 796 365 860 haberet
386 796 537 879 equitem.

207 885 260 951 37.
289 884 470 968 Philippus,
493 905 565 948 cum
585 883 730 947 audisset
748 882 890 967 Pythian
913 882 1079 967 quendam
1101 884 1150 948 bo·

139 995 219 1037 num
242 978 457 1058 pugnatorem
481 972 661 1036 alienatum
684 972 761 1055 sibi,
789 971 874 1057 quod
902 975 971 1035 tres
999 973 1086 1036 filias
1107 974 1148 1036 in·

140 1084 199 1144 ops
233 1062 286 1125 uix
319 1061 421 1125 aleret
452 1081 510 1125 nee
538 1082 558 1123 a
585 1080 660 1144 rege
693 1060 917 1142 adiuuaretur,
947 1061 1149 1125 mouentibus

89 1169 121 1217 10
141 1150 342 1234 quibusdam,
365 1150 413 1213 uti
432 1170 505 1212 eum
523 1153 661 1233 caueret,
684 1147 796 1233 ‘quidl
812 1148 861 1232 si’,
882 1149 1000 1233 inquit,
1019 1148 1148 1233 ‘partem

141 1259 274 1324 aegram
307 1237 451 1320 eorporis
483 1237 654 1322 haberem,
687 1237 886 1302 abseiderem
918 1238 1030 1320 potius
1062 1259 1148 1321 quam

141 1325 319 1392 curareml'
342 1325 456 1390 deinde
472 1325 676 1391 familiariter
695 1330 819 1391 secreto
839 1326 985 1391 elicitum
1003 1325 1148 1410 Pythian,

141 1418 274 1498 accepta
298 1413 486 1479 difficultate
509 1415 754 1480 necessitatium
777 1415 1042 1498 domesticarum,
1065 1437 1148 1499 pecu·

140 1505 196 1570 nia
218 1504 373 1569 instruxit
396 1526 433 1568 ac
456 1504 624 1568 meliorem
646 1504 887 1588 fidelioremque
911 1503 1038 1587 habuit,
1062 1525 1146 1588 quam

28 1622 51 1653 a
88 1611 120 1658 15
139 1594 298 1658 habuerat
320 1596 494 1676 antequam
518 1593 702 1657 offenderet.

206 1683 257 1747 38.
290 1681 327 1746 T.
345 1679 496 1756 Quintius
516 1680 683 1764 Crispinus
701 1685 778 1766 post
800 1680 979 1745 infaustam
1001 1681 1145 1745 aduersus

138 1768 265 1834 Poenos
289 1769 626 1854 dimicationemque
650 1770 809 1853 collegam
826 1767 1018 1834 Marcellum
1043 1770 1146 1833 amise-

139 1863 205 1941 rat,
228 1880 301 1922 eum
325 1860 537 1942 comperisset
559 1858 700 1941 potitum
724 1859 821 1923 anulo
845 1857 1011 1922 interfecti
1034 1855 1146 1922 Hanni-

119 1946 260 2029 belem,
288 1947 416 2011 litteras
440 1949 524 2011 circa
547 1946 726 2030 municipia
755 1947 857 2011 totius
880 1944 997 2010 Italiae
1022 1946 1146 2022 dimisit,

87 2052 120 2102 20
139 2057 180 2100 ne
204 2036 370 2100 crederent
389 2035 546 2120 epistulis,
570 2036 599 2099 si
623 2057 704 2121 quae
718 2034 863 2099 Marcelli
886 2035 985 2100 anulo
1009 2036 1147 2121 signatae

140 2124 373 2208 perferrentur:
397 2125 576 2190 monitione
599 2127 790 2190 consecutus
814 2127 877 2207 est,
908 2121 1099 2209 utbalapia
1120 2125 1148 2186 et

140 2213 223 2277 aliae
246 2213 342 2277 urbes
365 2213 487 2278 frustra
509 2212 704 2278 Hannibalis
729 2213 814 2278 dolis
836 2216 1083 2297 temptarentur.

206 2301 258 2366 39.
290 2300 370 2365 Post
399 2300 600 2366 Cannensem
628 2302 753 2367 cladem
780 2301 937 2386 perculsis
966 2302 1015 2365 ita
1037 2300 1148 2366 Roma·

137 2411 254 2454 norum
274 2389 400 2472 animis,
423 2393 460 2454 ut
473 2412 549 2473 pars
569 2411 690 2476 magna
708 2390 920 2476 reliquiarum
938 2390 1147 2454 nobilissimis

85 2493 119 2544 25
140 2477 325 2542 auctoribus
350 2477 544 2543 deserendae
567 2478 682 2544 Italiae
705 2480 805 2543 iniret
828 2479 1008 2562 eonsilium,
1031 2479 1067 2543 P.
1088 2475 1147 2542 Sei·

138 2566 192 2648 pio
222 2566 408 2630 adulescens
436 2567 609 2631 admodum
637 2569 761 2650 impetu
788 2567 876 2632 facto
904 2568 937 2631 in
963 2588 1001 2630 eo
1025 2566 1148 2651 ipsein

138 2676 201 2740 quo
220 2654 299 2718 talia
319 2655 528 2739 agitabantur
550 2661 644 2721 coetu
668 2657 891 2741 pronuntiauit
913 2676 1013 2720 manu
1037 2678 1072 2720 se
1095 2676 1149 2720 sua

210 2854 362 2916 leumque
379 2848 397 2902 b
415 2848 447 2903 ia
464 2850 585 2917 rasura!
607 2853 622 2901 3
642 2848 726 2921 equo]
746 2848 827 2902 edum
842 2847 886 2902 Η1
902 2849 907 2918 Ι
926 2854 945 2902 4
963 2864 997 2902 ex
1016 2864 1066 2906 orn.
1082 2848 1125 2902 Η1

137 2918 350 2974 arcessieratG
382 2918 545 2973 arcersierat
558 2919 593 2972 Η
597 2918 640 2972 1Ρ
669 2919 871 2973 accersieratb
898 2921 903 2987 Ι
933 2917 1126 2989 treliquotl

138 2996 152 3044 7
171 2989 292 3059 pythian
307 2990 372 3044 GH
387 2988 506 3059 phytian
527 2989 551 3044 0
569 2989 670 3058 pitiam
686 2991 715 3043 P
735 2990 865 3058 Pythean
883 2989 1006 3062 Scaliger
1022 2996 1026 3056 Ι
1049 2995 1066 3044 8
1087 2990 1150 3045 alie·

136 3064 202 3116 nato
214 3061 257 3125 ΡΙ
274 3060 355 3130 inops
370 3062 387 3115 b
405 3061 486 3114 inobs
497 3059 625 3131 GH1Pl
642 3067 658 3115 9
676 3061 821 3116 ualeretG
837 3064 841 3130 Ι
858 3067 890 3115 11
905 3061 1099 3116 abscinderem
1114 3060 1149 3132 dl

137 3137 170 3185 12
193 3133 309 3199 fortusse
337 3130 402 3184 dein
426 3132 460 3185 de
487 3129 596 3185 familia
625 3135 733 3187 secreto
755 3134 759 3199 Ι
784 3135 892 3186 secreto
920 3134 1007 3186 delere
1035 3135 1150 3189 maletat

136 3203 253 3272 Lipsius
267 3206 296 3258 et
310 3205 417 3258 secreto
432 3204 450 3256 d
466 3204 470 3271 Ι
486 3202 605 3271 phytian
620 3202 784 3272 Opythiam
800 3203 865 3258 GH
876 3202 976 3272 pitiam
991 3202 1036 3272 ΡΙ
1054 3209 1089 3258 15
1102 3205 1149 3258 ha·

136 3275 217 3328 berat
236 3274 301 3341 H¹l
322 3273 478 3329 offenderet
495 3290 528 3327 ex
547 3273 700 3328 offenderat
718 3274 753 3328 H
770 3278 774 3338 1
799 3280 831 3329 17
851 3275 944 3343 quad
963 3290 1018 3341 quo
1038 3269 1135 3329 GHP

135 3346 220 3400 aerbo
245 3344 384 3414 collegam
407 3375 440 3384 —
465 3345 548 3399 anulo
575 3361 625 3400 om.
649 3345 694 3400 H¹
718 3350 723 3416 1
753 3350 787 3399 20
810 3345 887 3399 anuli
909 3344 1078 3414 obsignatae
1102 3347 1130 3400 P

136 3421 168 3469 21
189 3414 344 3472 munitione
363 3417 398 3471 H
414 3417 419 3484 l
440 3417 483 3470 est
500 3432 550 3471 om.
570 3418 589 3472 d
609 3419 613 3486 Ι
635 3423 668 3471 23
687 3414 824 3486 perculsit
841 3416 876 3471 H
893 3417 898 3486 Ι
923 3421 957 3469 24
977 3414 1082 3470 animis
1099 3417 1156 3472 (ΞΡ

136 3485 225 3609 annisd
231 3485 276 3610 111¹
294 3487 355 3541 anis
369 3489 387 3611 Ξ
403 3488 407 3559 l
427 3492 462 3542 25
480 3485 566 3542 iniret
582 3487 641 3542 GP
657 3488 717 3543 inre
729 3487 774 3541 Η1
792 3487 895 3542 iniret
911 3490 915 3558 Ι
935 3485 1050 3557 publius
1066 3489 1103 3542 H
1107 3487 1153 3559 ΡΙ

137 3563 170 3611 26
190 3574 206 3611 a
228 3573 352 3612 cescens
