2400 3944
145 115 188 180 96
349 114 426 171 IULI
444 113 620 172 FRONTINI
638 112 965 172 STRATEGEMATON

211 278 243 345 2.
275 277 323 342 Τί.
347 275 527 361 Gracchus,
549 277 716 343 Lusitanis
740 277 920 345 dicentibus
942 278 980 344 in
1002 278 1037 344 X
1061 300 1154 347 annos

144 367 269 432 cibaria
287 388 322 431 se
339 366 460 433 habere
480 369 512 432 et
530 365 602 432 ideo
622 366 824 434 obsidionem
846 389 913 435 non
935 389 1155 454 expauescere,

145 454 348 535 ‘undecimo',
370 456 490 541 inquit,
513 454 610 522 ‘anno
637 477 698 521 uos
721 455 872 541 capiam':
899 477 966 543 qua
988 479 1074 524 uoce
1095 480 1156 545 per

144 544 252 610 territi
287 545 452 625 Lusitani,
491 544 686 631 quam<uis>
723 545 874 611 instructi
913 546 1158 631 commeatibus,

109 649 126 702 t
145 634 259 699 statim
283 655 318 700 se
341 633 542 700 dediderunt.

212 724 241 789 3.
273 723 312 789 Α.
341 722 508 809 Torquato
536 720 693 789 Graecam
715 722 830 789 urbem
859 725 1068 810 oppugnanti
1091 746 1158 792 com

145 811 320 897 diceretur,
351 813 554 878 iuuentutem
581 811 628 877 ibi
657 811 801 879 studiose
828 812 942 878 iaculis
972 815 1006 878 et
1031 814 1158 901 sagittis

145 903 295 986 exerceri,
318 900 433 986 ‘pluris
457 899 551 986 eam',
573 901 691 985 inquit,
715 900 915 987 ‘propediem
937 901 1104 970 uendam’.

209 1109 255 1166 VI.
282 1108 331 1163 DE
350 1108 604 1167 DIS'PRIOTIONE
621 1108 900 1167 PRAESIDIORUM
916 1109 1097 1169 HOSTIUbL

95 1269 128 1321 ro
214 1256 242 1321 1.
267 1252 386 1339 Scipio,
404 1253 591 1321 Hannibale
604 1256 639 1320 in
653 1253 800 1321 Africam
813 1277 956 1341 reuerso,
978 1278 1057 1322 oum
1070 1258 1158 1344 plura

146 1342 277 1428 oppida,
300 1365 383 1430 quae
405 1344 490 1412 ratio
513 1345 564 1409 illi
586 1344 622 1408 iu
640 1348 837 1430 potestatem
860 1345 1040 1432 redigenda
1063 1347 1157 1413 dicta

145 1432 212 1516 bat,
234 1432 337 1498 firmis
355 1434 526 1519 praesidiis
546 1434 694 1499 diuersae
711 1435 816 1519 partis
835 1433 1072 1520 obtinerentur,
1091 1435 1157 1502 sub

144 1521 221 1586 inde
250 1523 392 1607 aliquam
420 1544 553 1588 manum
587 1522 803 1588 submittebat
830 1522 872 1588 ad
897 1522 1087 1590 infestando
1117 1544 1155 1590 ea

145 1612 324 1677 nouissime
348 1611 447 1678 etiam
466 1616 633 1696 tamquam
657 1611 841 1696 direpturus
865 1611 1017 1678 ciuitates
1041 1613 1155 1696 aderat,

95 1713 127 1763 15
146 1699 259 1765 deinde
297 1702 448 1767 simulato
485 1704 574 1765 metu
611 1699 803 1786 refugiebat.
852 1698 1040 1788 Hannibal,
1072 1705 1155 1768 ratus

145 1811 258 1854 ueram
277 1811 347 1854 esse
366 1791 433 1856 eius
452 1788 713 1876 trepidationem,
735 1789 880 1855 deductis
903 1788 1050 1875 undique
1072 1810 1156 1874 prae·

123 1877 253 1964 psidie,
281 1882 451 1964 tamquam
474 1879 513 1944 de
537 1900 663 1944 summa
687 1900 797 1944 rerum
824 1878 1049 1944 decertaturus
1082 1879 1157 1944 inse

147 1968 201 2050 qui
220 1968 341 2050 coepit:
365 1969 413 2034 ita
431 1971 623 2035 consecutus
639 1966 758 2052 Scipio,
782 1966 868 2053 quod
890 1967 1042 2053 petierat,
1064 1967 1156 2033 nuda

146 2059 198 2122 tas
217 2044 515 2142 propugnatoribus
533 2056 623 2122 urbis
645 2078 704 2140 per
723 2055 932 2123 Masinissam
954 2060 988 2122 et
1001 2053 1156 2124 Numidas

92 2156 126 2208 ao
145 2167 180 2210 oe
204 2146 239 2211 it.

182 2168 243 2298 ΡΞ.
276 2233 309 2298 Ρ.
330 2231 500 2299 Cornelius
519 2231 637 2318 Scipio,
660 2233 827 2298 intellecta
851 2232 1045 2300 difficultate
1068 2255 1158 2320 expu-

146 2322 267 2406 gnandi
281 2322 477 2402 Delminum,
496 2322 573 2407 quia
586 2344 746 2388 concursu
760 2323 906 2389 omnium
920 2321 1157 2406 defendebatur,

148 2409 280 2495 adgredi
303 2412 369 2476 alia
392 2411 511 2496 oppida
537 2412 644 2496 coepit
673 2415 705 2477 et
737 2411 881 2477 euocatis
905 2410 946 2476 ad
970 2433 1031 2479 sua
1054 2410 1159 2478 delen·

146 2499 251 2565 denda
273 2499 411 2585 singulis
434 2504 607 2568 uacuatam
631 2500 760 2566 auxiliis
783 2499 972 2566 Delminum
994 2501 1093 2585 oepit

93 2602 126 2652 ab
212 2589 243 2655 3.
273 2588 420 2674 Pyrrhus
438 2589 648 2676 Epirotarum
671 2612 728 2656 rex
750 2589 906 2655 aduersus
924 2587 1068 2675 Illyrios,
1091 2609 1160 2656 oum

146 2678 313 2744 ciuitatem
338 2701 419 2763 quae
443 2683 542 2764 caput
565 2679 670 2765 gentis
700 2682 771 2744 erat
792 2678 939 2764 redigere
961 2677 996 2743 in
1019 2681 1161 2763 potesta·

219 2862 233 2910 1
257 2856 289 2910 Τ.
308 2856 344 2911 Η
347 2857 389 2920 P,
412 2871 481 2910 corr.
500 2854 520 2910 d
540 2854 544 2925 Ι
570 2852 737 2908 ducentibus
762 2853 798 2908 Η
812 2857 876 2908 autc
899 2867 955 2908 rae.
985 2854 989 2920 Ι
1019 2850 1051 2907 in
1068 2850 1096 2909 X
1114 2867 1161 2908 ore.

146 2927 189 2982 Η1
208 2925 214 3000 Ι
235 2933 251 2981 3
271 2945 327 2996 quo
345 2926 381 2981 Η
400 2928 438 2996 14
456 2924 585 2994 quamuis
604 2925 623 2979 d
641 2941 726 2994 quam
744 2924 996 2994 fir-quamquam
1014 2923 1075 2980 edd.

218 3003 233 3054 9
253 2996 443 3054 destructione
457 2996 502 3065 ΡΙ
517 2995 662 3052 hostilium
677 3012 708 3065 p.
728 3000 775 3062 89,
793 2999 808 3049 1
826 2996 831 3064 Ι
849 3001 881 3050 18
905 2992 1097 3050 submittebat
1114 3009 1160 3050 ore.

145 3069 190 3123 H¹
206 3072 211 3140 Ι
227 3070 271 3140 ea]
291 3068 339 3142 ass
356 3073 426 3137 (urso
444 3069 496 3124 litt.
515 3070 606 3136 creec)
617 3066 662 3123 H¹
676 3069 683 3137 l
699 3071 732 3121 14
750 3065 978 3121 nouissimineH
993 3070 1060 3121 ante
1077 3062 1161 3136 corn!

146 3141 256 3194 adierat
272 3141 291 3194 b
329 3146 361 3195 17
380 3156 474 3194 rerum
491 3142 533 3206 (re
547 3140 580 3194 a'ra
592 3155 646 3195 rua.
661 3139 691 3207 b)
702 3138 737 3192 H
749 3140 753 3204 Ι
769 3136 963 3192 decertaturus
978 3137 997 3192 d
1015 3135 1162 3192 deauratu-

145 3226 193 3264 rus
216 3210 282 3265 ΗΡ
305 3211 468 3266 decreturus
489 3210 558 3266 Oad.
582 3212 587 3280 1
613 3216 647 3266 18
672 3209 779 3264 nudate
797 3209 832 3264 H
854 3209 858 3277 Ι
884 3213 917 3263 19
940 3211 1162 3278 propugnatores

146 3280 190 3335 H¹
213 3283 400 3352 propugnatIo
415 3324 421 3339 .
436 3299 480 3338 res
497 3282 516 3337 t
540 3284 545 3352 Ι
568 3282 651 3338 urbes
668 3281 697 3337 P
719 3281 723 3352 Ι
747 3280 899 3336 maniacam
921 3279 967 3334 H¹
986 3276 991 3351 l
1012 3284 1047 3335 22
1066 3277 1163 3334 delmi·

146 3349 224 3406 nium
247 3352 279 3407 d:
302 3355 365 3409 a'tem
383 3354 483 3424 infr-ol
507 3359 541 3408 23
560 3355 632 3422 forte
649 3352 788 3409 auocatis:
808 3353 843 3419 cf.
858 3368 889 3421 p.
908 3355 958 3419 20,
976 3352 1013 3405 13
1033 3351 1038 3421 Ι
1063 3354 1101 3405 24
1118 3363 1163 3405 uae

147 3425 260 3477 cnutum
279 3424 353 3479 edd:
370 3427 417 3480 sed
435 3425 470 3493 cf.
485 3441 516 3494 p.
536 3428 581 3492 93,
599 3426 709 3495 23125
728 3422 815 3492 Pyrus
835 3422 863 3478 P
880 3422 884 3494 l
905 3438 953 3477 rex
972 3437 1023 3478 om.
1043 3421 1089 3475 Η1
1105 3423 1111 3492 Ι
1125 3419 1163 3492 yl-

146 3493 224 3548 lirios
243 3494 296 3566 ΗΙ
321 3500 355 3550 26
373 3495 464 3551 redire
483 3494 518 3549 Η
537 3494 645 3551 rediere
664 3495 702 3551 P:
720 3511 790 3551 corr.
810 3495 829 3550 d
