2400 3944
69 199 122 255 XII
470 200 685 256 PRAEFATIO.

70 386 155 445 mus‚
179 364 329 428 insolitus
353 360 408 449 (cf.
427 361 458 428 J.
476 363 680 447 Marquardt,
704 364 814 430 Roem.
834 363 1042 433 Staatsverw.
1056 369 1089 433 ΙΙ

71 450 189 538 (1876)
205 476 235 537 p.
250 449 330 536 553)
350 451 510 517 Johannis
535 474 612 517 cura
635 453 763 518 additus
788 456 964 519 censendus
985 462 1043 522 est.

137 541 250 606 Petrus
267 541 426 606 Blesensis
449 540 483 604 in
507 542 655 625 epistulis
680 564 762 625 quae
781 543 905 625 profert
929 549 1089 631 stratege-

69 634 159 694 mata
181 629 331 694 Frontini
356 628 413 714 (ep.
428 633 469 694 59
480 661 521 682 =
534 629 644 695 Front.
664 632 694 714 4,
710 632 739 712 7,
754 633 791 714 43
814 653 857 713 ep.
873 638 913 697 69
926 664 965 685 =
976 634 1090 699 Front.

70 719 100 800 4,
116 718 145 801 5,
159 720 189 783 2.
213 720 243 804 4,
260 720 288 801 1,
305 720 354 784 17.
378 720 430 783 34.
455 719 505 784 35.
529 720 582 783 42.
608 720 657 785 16.
680 719 711 797 4,
725 719 756 802 5,
771 721 822 784 20.
844 722 893 787 18.
913 722 965 785 21.
986 744 1030 804 ep.
1046 731 1090 789 86

9 842 14 849 ·
71 807 230 872 ==Front
253 808 378 891 4,3,9.
404 808 454 872 10.
478 828 521 889 ep.
540 806 757 872 94=Front
782 810 857 890 4,1,
875 810 944 894 15),
977 833 1015 875 ea
1049 835 1090 876 ex

70 897 265 962 Policratico
293 894 455 962 Johannis
484 898 614 979 sumpta
643 917 714 960 esse
751 902 783 961 et
812 899 890 962 ordo
924 904 956 963 et
988 903 1091 964 uerba

71 986 307 1050 demonstrant.

119 1074 290 1138 Mortuus
308 1072 449 1138 Societas
470 1073 626 1138 Porcellus
648 1074 682 1137 in
705 1073 799 1157 libro,
824 1075 880 1158 qui
899 1076 1090 1141 inscribitur

72 1161 203 1227 Secreta
235 1162 377 1227 fidelium
410 1163 512 1227 crucis
546 1159 599 1248 (cf.
623 1162 786 1247 Bongars‚
816 1161 917 1228 Gesta
939 1164 1002 1229 Dei
1029 1188 1090 1249 per

70 1251 222 1316 Francos.
246 1255 324 1315 tom.
347 1251 390 1315 ΙΙ.
427 1250 595 1315 Hanoviae
622 1249 737 1337 1611),
765 1274 838 1316 cum
867 1274 961 1336 saepe
989 1253 1089 1319 Fron·

71 1341 178 1404 tinum
210 1340 322 1404 laudat
348 1344 419 1404 tum
446 1340 480 1403 in
508 1340 563 1403 lib.
586 1339 637 1403 III
665 1344 748 1423 part.
771 1340 834 1405 XV
862 1364 952 1424 capp.
979 1343 1091 1408 1-15

72 1428 228 1512 quaedam
248 1429 357 1512 capita
380 1449 482 1513 paene
505 1428 634 1512 integra
653 1450 726 1492 cum
750 1430 830 1512 ipsis
853 1431 958 1494 titulis
982 1434 1091 1494 trans-

71 1518 214 1601 scripsit,
238 1519 347 1582 codice
371 1539 449 1581 usus
473 1516 643 1580 deterioris
667 1517 790 1581 classis.

136 1606 414 1670 Bartholomaeus
443 1604 622 1670 Urbiaotem
652 1606 687 1667 in
710 1604 795 1669 libro
820 1605 858 1669 de
882 1607 968 1671 bello
992 1609 1089 1690 apiri-

69 1695 153 1759 10011
181 1695 326 1758 nondum
354 1693 440 1757 edito
469 1695 703 1776 strategemata
730 1693 877 1775 proferre
905 1695 1089 1762 Fridericus

69 1782 179 1848 Haase
210 1784 245 1848 in
278 1780 454 1867 exemplari
487 1803 545 1846 suo
581 1784 771 1866 notauerat,
809 1786 845 1846 ut
878 1783 954 1849 Otto
988 1785 1090 1850 Ross-

69 1872 154 1937 bach
178 1871 317 1956 benigne
344 1893 397 1936 me
420 1871 540 1936 docuit.
585 1870 678 1947 Quod
705 1872 896 1955 opusculum
920 1873 955 1937 in
977 1874 1090 1939 codice

70 1960 220 2025 Parisino
239 1963 295 2027 lat.
312 1960 420 2025 14436
440 1981 521 2024 saec.
536 1958 597 2023 XV
619 1959 750 2043 (f01.11:
773 1960 920 2045 Incipit
938 1964 1092 2026 tracta-

70 2053 132 2113 tus
151 2051 195 2115 de
214 2073 253 2115 re
275 2050 419 2114 bellica
438 2049 643 2132 spirituali
667 2071 734 2131 per
755 2050 1091 2133 comparationem

61 2134 310 2223 temporalis.
356 2137 496 2202 Editus
530 2137 702 2202 afratre
725 2136 916 2203 Bartholo
949 2139 992 2202 de
1026 2162 1091 2203 ur·

70 2226 162 2291 bino
179 2227 236 2311 ...)
256 2228 392 2310 aliisque
410 2226 566 2290 traditum
586 2248 659 2291 oum
682 2227 922 2309 perlustrarem,
945 2249 1020 2292 mox
1040 2230 1092 2292 in-

69 2316 182 2379 tellexi
200 2316 284 2379 nihil
302 2315 385 2379 lucri
402 2313 560 2379 Frontino
580 2314 688 2380 afferri
711 2336 831 2400 magua
854 2315 951 2380 turba
970 2320 1090 2380 strate-

72 2408 224 2489 gematon
249 2427 268 2468 a
291 2402 544 2468 Bartholomaeo
569 2407 803 2487 excerptorum.

19 2557 21 2562 ,
138 2492 272 2558 Praeter
289 2493 350 2558 hos
369 2492 467 2556 etiam
483 2493 564 2557 alios
583 2492 684 2558 libros
704 2494 808 2558 editos
827 2492 963 2556 necdum
984 2493 1088 2559 editos

73 2582 235 2665 excerptis
253 2580 403 2647 Frontini
426 2582 608 2646 illustratos
632 2584 759 2646 exstare
784 2601 979 2665 quamquam
1003 2581 1091 2646 haud

73 2672 272 2754 negauerim,
295 2674 405 2735 tamen
425 2671 519 2735 ualde
539 2671 662 2754 dubito,
685 2691 762 2733 num
781 2668 885 2733 ullum
905 2672 1089 2754 exemplum

71 2760 147 2823 inde
170 2759 276 2843 possit
299 2760 473 2824 emendari.

162 2851 181 2929 ἓ
197 2850 226 2914 8.
256 2848 340 2913 10110
356 2848 511 2912 Frontino
532 2843 654 2932 (errore
670 2843 793 2909 scilicet
807 2846 933 2911 librarii
947 2848 1047 2912 codex
1058 2849 1090 2914 G

72 2938 107 3002 in
131 2938 229 3002 titulo
254 2937 329 3002 libri
352 2935 403 3000 III
432 2935 522 3000 etin
550 2932 651 3019 praef.
674 2933 750 2998 libri
773 2934 789 2998 I
812 2936 861 3000 bis
886 2935 1087 3008 Praefatio

72 3026 280 3093 Frontonis
301 3023 446 3109 exhibet)
470 3044 668 3106 praenomen
686 3023 776 3090 Sexto
794 3047 860 3090 non
880 3025 1003 3088 inditur
1024 3027 1090 3092 nisi

74 3118 183 3183 codice
205 3117 237 3182 P
257 3116 292 3180 in
316 3114 411 3179 titulo
436 3112 511 3176 libri
534 3110 575 3177 II.
623 3112 686 3189 oui
708 3113 824 3178 titulus
849 3135 922 3178 cum
946 3115 979 3177 in
1003 3117 1089 3179 codi-

73 3205 163 3270 cibus
178 3206 219 3269 H
220 3203 287 3270 GU
306 3204 446 3267 omissus
465 3203 522 3286 sit,
547 3205 671 3267 certum
691 3203 819 3287 quidem
838 3203 992 3267 iudicium
1011 3203 1089 3268 ferri

72 3295 199 3378 nequit,
222 3292 361 3357 fueritne
384 3313 583 3375 praenomen
606 3298 641 3356 in
665 3293 841 3375 archetypo
865 3314 972 3356 necne.
1015 3289 1088 3356 Col-

72 3384 142 3446 lata
164 3386 276 3446 tamen
295 3380 484 3446 condicione
504 3381 621 3446 codicis
641 3380 1088 3447 Oxoniensis-Lincolniensis

73 3468 128 3556 (cf.
152 3475 171 3548 ἓ
196 3469 231 3555 6)
256 3470 458 3553 aliorumque
482 3470 626 3534 eiusdem
649 3470 761 3535 classis
785 3491 852 3534 non
874 3469 1001 3547 uilium,
1033 3473 1089 3554 qui

72 3580 269 3641 praenomen
283 3580 350 3623 non
364 3562 556 3645 agnoscunt,
570 3580 643 3623 oum
657 3558 844 3622 auctoritati
859 3557 1018 3622 codicisP
1030 3560 1090 3621 dif-
