2400 3944
123 190 186 254 132
321 188 395 243 IULI
413 187 591 244 FRONTINI
610 187 934 244 STRATEGEMATON

121 356 225 418 stratu
259 373 292 416 se
320 372 379 436 pro
407 372 442 414 re
470 351 603 436 publica
629 351 830 416 deuouerunt
857 351 1064 437 admissisque
1088 351 1113 414 iu

120 441 248 505 hostem
273 440 364 523 equis
389 439 497 524 adepti
520 440 691 505 uictoriam
715 440 840 524 patriae
864 441 1070 505 contulerunt.

189 529 239 594 16.
271 528 307 593 Ρ.
331 526 476 611 Crassus,
499 550 571 593 eum
595 528 715 593 bellum
739 528 894 593 aduersus
914 528 1114 594 Aristonicum

120 618 156 682 in
179 618 260 682 Asia
284 639 399 703 gerens
422 617 507 681 inter
531 617 664 682 Elaeam
692 620 725 681 et
747 616 912 701 Myrinam
935 617 970 682 in
992 617 1113 683 hostum

85 724 101 772 e
121 707 232 791 copias
246 705 414 771 incidisset
426 706 583 789 uiuosque
594 705 815 789 abduceretur,
825 710 1008 771 exsecratus
1017 707 1049 771 in
1057 725 1113 770 con·

120 795 191 859 sule
213 794 362 859 Romano
386 794 610 878 captiuitatem
635 794 755 880 uirga,
774 816 838 877 qua
862 794 902 859 ad
926 816 1042 878 equum
1061 795 1113 858 erat

120 906 207 967 usus,
232 884 360 949 oculum
375 882 519 965 Thracis,
543 905 563 946 a
584 905 647 967 quo
666 882 847 961 tenebatur,
871 883 956 948 eruit
975 888 1065 968 atque
1083 879 1112 944 ab

120 994 158 1037 eo
182 994 240 1057 per
263 973 407 1036 dolorem
427 971 588 1036 concitato
607 971 892 1036 transuerberatus
912 971 1045 1037 dedecus
1064 989 1112 1034 ser-

119 1061 249 1143 uitutis,
272 1064 309 1124 ut
331 1060 496 1142 uoluerat,
520 1059 642 1144 effugit.

71 1165 104 1214 10
191 1150 241 1214 17.
273 1148 316 1212 M.
332 1146 413 1213 Cato
433 1146 581 1213 Censorii
603 1147 689 1211 filius
713 1147 747 1211 in
772 1148 839 1212 acie
864 1147 1030 1214 decidente
1050 1165 1110 1229 equo

121 1238 303 1321 prolapsus,
326 1258 400 1300 oum
414 1258 447 1300 se
463 1236 683 1321 recollegisset
701 1236 1046 1321 animaduertissetque
1061 1234 1110 1320 gla-

120 1325 208 1388 dium
238 1324 393 1390 excidisse
421 1325 571 1410 uaginae,
598 1324 721 1388 ueritus
744 1324 960 1410 ignominiam
984 1321 1111 1389 rediitin

120 1414 249 1479 hostem
282 1413 531 1498 exce<ptis>que
564 1414 688 1496 aliquot
719 1413 924 1497 uulneribus,
958 1411 1111 1497 reciperato

120 1503 250 1567 demum
274 1503 399 1586 gladio,
421 1523 570 1567 reuersus
595 1506 645 1566 est
668 1502 708 1565 ad
732 1524 816 1567 suos

68 1605 101 1655 15
190 1592 240 1656 18.
278 1590 410 1656 Petilini
439 1590 599 1655 aPoenis
628 1589 754 1655 obsessi
779 1594 932 1674 parentes
961 1595 994 1655 et
1016 1589 1111 1654 liberos

120 1684 255 1764 propter
282 1679 427 1764 inopiam
455 1680 633 1757 eiecerunt,
665 1679 729 1762 ipsi
757 1678 854 1743 coriis
884 1678 1068 1744 madefactis
1089 1675 1112 1736 et

120 1771 195 1851 igue
227 1769 355 1833 siccatis
388 1768 539 1851 foliisque
570 1767 722 1832 arborum
753 1771 786 1830 et
815 1767 905 1831 omni
928 1788 1043 1852 genere
1062 1760 1112 1829 eui-

121 1857 255 1921 malium
279 1858 382 1921 uitam
404 1855 572 1920 trahentes
600 1855 751 1919 undecim
781 1876 909 1920 menses
934 1855 1113 1921 obsidionem

121 1946 354 2010 tolerauerunt.

69 2049 103 2099 20
191 2035 241 2099 19.
274 2032 414 2117 Hispani
429 2030 615 2098 Consabrae
634 2032 759 2097 obsessi
779 2032 890 2096 eadem
915 2033 1025 2097 omnia
1045 2023 1113 2114 passi

123 2126 198 2187 sunt
220 2144 281 2187 nec
305 2122 459 2207 oppidum
481 2121 644 2186 Hirtuleio
668 2120 880 2185 tradiderunt.

189 2211 242 2275 20.
275 2209 411 2275 Casilini
435 2210 603 2275 obsidente
626 2207 813 2274 Hannibale
843 2211 974 2274 tantam
996 2206 1115 2293 inopiam
1155 2216 1157 2233 ¹

120 2299 267 2383 perpessi
286 2302 370 2383 sunt,
393 2301 431 2362 ut
450 2296 502 2363 OC
517 2298 659 2362 denariis
679 2320 804 2362 murem
823 2298 952 2384 uenisse
975 2297 1116 2383 proditum

122 2388 297 2451 memoriae
315 2387 359 2451 sit
377 2387 507 2470 eiusque
526 2386 728 2451 uenditorem
751 2386 838 2451 fame
860 2385 994 2471 perisse,
1018 2384 1117 2468 empto

194 2636 208 2684 1
232 2630 379 2700 missisque
406 2631 442 2685 H
448 2631 457 2661 ¹
510 2636 526 2685 2
555 2630 665 2702 adepti]
693 2630 790 2701 adepti
821 2630 941 2686 mortem
969 2632 988 2687 d
1015 2620 1122 2694 adempti

122 2701 243 2769 Hactell
263 2707 281 2755 4
299 2700 375 2756 assia
391 2701 417 2757 G
432 2705 436 2772 Ι
452 2701 474 2755 Ε
488 2716 569 2756 aeam
586 2702 670 2758 Goon.
690 2701 794 2757 aeliam
812 2701 874 2757 GP
891 2700 979 2757 eliam
996 2702 1048 2770 Hl
1064 2712 1122 2767 mpr-

122 2773 213 2828 rinam
231 2773 260 2827 P
278 2773 428 2843 Zmyrnam
450 2772 510 2828 Vel.
529 2773 610 2828 Maec.
626 2777 653 2840 3,
667 2775 695 2840 2,
710 2774 769 2842 121
794 2777 810 2826 5
830 2773 967 2842 uiuosque
988 2771 1037 2829 Gb
1057 2770 1124 2826 uiuos

122 2844 167 2898 H¹
184 2844 321 2913 uiuusque
342 2844 392 2912 ΡΙ
418 2844 604 2898 adduceretur
623 2843 709 2913 GHl
730 2844 857 2914 consule]
883 2843 1049 2984 proconsule
1070 2838 1125 2895 Vel.

122 2921 151 2981 2,
170 2920 230 2982 4,1
252 2917 381 2985 praetore
401 2915 480 2969 Flos.
497 2918 526 2983 2,
539 2920 588 2982 20,
602 2918 633 2969 4:
656 2915 690 2981 cf.
708 2931 737 2982 p.
751 2918 816 2983 123,
830 2918 870 2970 28
921 2919 936 2968 7
956 2915 1064 2986 thragis
1080 2908 1129 2967 GP

121 2984 250 3068 thragisss
265 2990 291 3053 (s
309 2989 401 3052 mose)
416 2986 452 3040 H
466 2985 569 3040 Thraci
587 2986 646 3040 edd.
664 2988 668 3053 Ι
689 2991 706 3040 8
724 2986 787 3057 per]
809 3001 893 3055 opere
910 2984 937 3040 G
953 2989 957 3053 Ι
974 2986 1082 3042 concito
1094 2979 1126 3052 dl

124 3056 435 3195 acestae
445 3056 561 3183 ete
575 3055 689 3196 ecel
707 3055 1130 3206 irrepercussa.

124 3204 157 3252 17
174 3201 182 3251 i
205 3196 278 3270 nellll
288 3201 314 3265 (s
333 3206 424 3262 masa)
438 3198 473 3253 H
486 3169 517 3252 in
530 3168 596 3267 i'gne
613 3197 639 3252 G
654 3200 658 3265 Ι
675 3144 709 3253 dd
724 3198 845 3267 Hispani
860 3144 1019 3253 Consabiae
1034 3199 1133 3254 obsessi

122 3285 172 3323 ace
214 3269 368 3337 'spanicum
381 3267 489 3323 labrem
503 3285 578 3324 sesae
593 3287 621 3324 se
636 3268 792 3337 (fabrenses
808 3285 837 3323 ee
855 3285 884 3322 se
898 3270 929 3337 b)
943 3269 1011 3324 GH
1021 3266 1133 3338 Hispani

123 3355 186 3391 oum
204 3337 284 3394 fabre
303 3357 382 3395 sense
396 3340 424 3394 P
438 3339 558 3409 Hispani
576 3337 798 3394 Consabureuses
817 3338 876 3395 Ser.
896 3338 1019 3410 Hispani
1039 3340 1135 3396 Conse

123 3409 238 3462 breuses
252 3409 309 3465 fere
319 3411 496 3466 Zecbmec‘ster
511 3415 516 3479 Ι
532 3416 566 3465 22
581 3409 698 3467 Casilini
709 3410 745 3464 H
754 3409 886 3465 Cassilini
897 3410 959 3465 GP
972 3409 1135 3467 Casilinates

123 3480 193 3534 Ded.
209 3480 361 3536 Casilinum
377 3481 447 3537 Oud.
464 3483 468 3550 Ι
484 3481 611 3536 hanniba
624 3482 651 3536 G
667 3486 671 3550 Ι
687 3487 721 3536 23
736 3498 783 3536 .cc.
800 3480 826 3536 G
845 3486 897 3536 ec.
914 3481 950 3536 H
964 3484 1079 3537 centum
1095 3480 1136 3551 Pl

124 3550 245 3606 denariis
264 3568 313 3606 om.
334 3552 416 3624 GH!
440 3551 548 3608 uenisse
568 3553 599 3606 Η
625 3553 746 3609 neniisse
766 3552 828 3607 GP
