2400 3944
358 170 469 259 arina
486 203 535 259 111.
564 203 641 261 cnr.
663 210 775 261 10-11.
911 183 916 191 ’
1012 205 1076 272 105

127 367 157 431 9.
190 366 295 432 Barca
318 366 382 431 dux
405 366 588 432 Poenorum
611 368 646 433 in
669 365 780 434 Sicilia
803 367 994 453 Lilybaeum
1018 392 1074 435 no·

58 454 136 521 stris
159 458 250 520 terra
277 455 423 539 marique
452 456 677 521 obsidentibus
706 461 835 542 partem
860 459 973 523 classis
997 480 1074 523 suae

57 545 172 629 procul
205 547 364 609 armatam
397 545 493 609 iussit
521 545 662 610 ostendi:
695 546 735 610 ad
766 547 835 610 eius
866 553 1075 630 conspectum
1140 565 1142 568 ·

57 655 131 700 oum
160 633 345 698 euolassent
372 633 495 715 nostri,
527 635 597 719 ipse
625 633 758 718 reliquis
786 656 867 718 quas
891 636 1075 701 inocculto

56 726 210 787 tenuerat
231 722 371 786 nauibus
394 721 544 806 Lilybaei
566 729 698 807 portum
722 724 902 806 occupauit.
1096 741 1112 790 a

251 913 300 970 XI.
328 913 376 968 DE
396 913 647 970 SIMULATIONE
666 913 885 970 REGRESSUS.

130 1027 159 1088 1.
191 1022 371 1088 Phormion
394 1023 457 1088 dux
480 1024 741 1110 Atheniensium,
764 1046 837 1089 curn
861 1024 1075 1109 depopulatus

58 1117 146 1178 esset
176 1133 272 1198 agros
301 1109 582 1197 Chalcidensium,
613 1114 729 1199 legatis
760 1135 872 1178 eorum
904 1113 942 1178 de
973 1135 1011 1178 ea
1041 1135 1077 1178 re

57 1202 268 1286 querentibus
291 1201 432 1286 benigne
454 1200 624 1286 respondit
647 1205 680 1266 et
703 1205 816 1287 nocte,
841 1224 905 1286 qua
928 1202 1077 1267 dimissu·

58 1312 116 1356 rus
140 1291 215 1355 illos
240 1294 322 1374 erat,
352 1290 447 1354 finxit
469 1290 597 1355 litteras
621 1291 685 1356 sibi
709 1292 933 1374 superuenisse
957 1292 1077 1356 ciuium
1097 1308 1130 1358 10

60 1400 203 1463 suorum,
225 1385 360 1464 propter
383 1401 464 1464 quas
487 1380 685 1444 redeundum
708 1380 854 1447 haberet
883 1402 920 1445 ac
942 1382 1076 1465 paulum

58 1488 228 1553 regressus
256 1467 380 1532 dimisit
415 1469 559 1552 legatos:
591 1469 643 1533 his
672 1468 781 1533 omnia
808 1473 882 1534 tuta
909 1473 942 1533 et
970 1469 1076 1533 abisse

57 1556 291 1621 Phormionem
317 1557 604 1636 renuntiantibus,
624 1555 854 1622 Chalcidenses
883 1579 940 1642 spe
964 1561 996 1622 et
1020 1558 1077 1621 ob-

57 1645 149 1710 latae
171 1644 385 1710 humanitatis
415 1649 448 1709 et
476 1645 607 1711 abducti
635 1647 795 1711 exercitus
825 1645 962 1710 remissa
985 1646 1076 1709 urbis

58 1732 216 1816 custodia,
232 1754 304 1798 cum
318 1733 490 1799 confestim
504 1734 679 1799 Phormion
693 1735 891 1813 reuertisset,
905 1734 1076 1818 prohibere
1097 1749 1129 1800 15

57 1823 317 1906 inexspectatum
340 1823 408 1886 uim
430 1845 496 1889 non
519 1826 706 1908 potuerunt.

128 1912 158 1977 2.
190 1910 363 1996 Agesilaus
387 1910 451 1975 dux
473 1911 812 1995 Lacedaemoniorum,
835 1932 909 1976 cum
933 1910 1077 1975 Phocen-

59 2021 114 2065 ses
143 2000 306 2064 obsideret
333 2004 366 2064 et
397 2000 610 2065 intellexisset
633 2021 701 2083 eos,
733 2001 788 2083 qui
815 2004 892 2065 tunc
915 1999 1076 2083 praesidio

57 2088 128 2154 illis
152 2092 263 2171 erant,
286 2089 352 2153 iam
375 2089 507 2173 grauari
530 2089 607 2153 belli
630 2088 847 2172 incommoda,
875 2090 1007 2173 paulum
1030 2109 1077 2151 re·

58 2198 192 2264 gressus
225 2181 393 2261 tamquam
431 2178 471 2243 ad
505 2178 586 2243 alios
615 2181 706 2242 actus
738 2177 874 2242 liberam
906 2175 1077 2241 recedendi
1095 2192 1130 2242 20

58 2265 263 2333 occasionem
286 2266 337 2330 his
365 2266 466 2331 dedit:
493 2288 558 2331 non
587 2267 690 2332 multo
713 2269 789 2350 post
818 2266 920 2331 milite
942 2265 1076 2331 reducto

59 2354 236 2420 destitutos
259 2353 442 2420 Phocenses
466 2357 641 2439 superauit.

129 2443 160 2509 3.
192 2442 378 2509 Alcibiades
398 2444 553 2509 aduersus
568 2444 755 2528 Byzantios,
779 2444 834 2528 qui
854 2465 888 2509 se
908 2443 1077 2508 moenibus

59 2533 281 2616 continebant,
304 2533 438 2597 insidias
458 2533 618 2618 disposuit
637 2536 669 2597 et
688 2532 843 2597 simulato
862 2553 1012 2618 regressu
1029 2531 1076 2596 in-

60 2625 175 2688 cautos
199 2642 254 2687 eos
278 2622 449 2705 oppressit.
1096 2634 1130 2685 ro

103 2770 108 2780 .
128 2710 159 2774 4.
191 2708 371 2792 Viriathus,
394 2733 468 2775 cum
485 2709 586 2774 tridui
605 2710 667 2774 iter
686 2710 852 2774 discedens
877 2708 1077 2791 confecisset,

60 2798 147 2864 idem
170 2798 251 2863 illud
269 2821 335 2863 uno
356 2799 407 2864 die
430 2819 596 2862 remensus
620 2819 749 2863 securos
766 2796 1020 2882 Segobrigenses
1045 2801 1078 2861 et

61 2887 220 2952 sacrificio
245 2909 317 2953 cum
341 2887 480 2952 maxime
505 2890 679 2971 occupatos
704 2887 875 2971 oppressit.

135 3086 150 3134 1
170 3081 280 3136 Barcha
297 3082 332 3136 H
349 3083 354 3151 Ι
379 3087 394 3135 7
414 3080 544 3136 Formion
563 3078 647 3152 ΗΡΙ
669 3085 686 3134 8
705 3078 924 3135 calchidensium
943 3077 1025 3145 ΗΡΙ
1045 3093 1075 3131 re

61 3151 243 3221 querentibus
262 3153 282 3207 d
299 3168 329 3206 re
349 3152 547 3220 quaerentibus
566 3152 602 3206 H
616 3149 823 3220 requirentibus
841 3150 869 3204 P
883 3152 919 3218 19
940 3147 1075 3202 demissu-

61 3239 108 3279 ros
122 3222 175 3290 ΗΙ
200 3224 398 3278 1111111111Η1
415 3223 419 3293 Ι
446 3229 478 3278 12
498 3223 591 3292 iisPl
618 3228 650 3276 13
668 3223 842 3292 phormonen
861 3220 895 3274 H
910 3220 1076 3274 sermionem

61 3295 108 3362 ΡΙ
124 3293 316 3349 calchidenses
326 3295 361 3349 H
372 3293 543 3350 calcidenses
553 3295 598 3363 ΡΙ
616 3295 676 3366 spe]
691 3293 746 3348 fide
760 3293 935 3347 Woclasmuth
950 3294 954 3360 Ι
972 3298 1005 3345 15
1019 3288 1075 3345 for·

61 3363 140 3421 mion
158 3365 223 3420 HP
239 3368 244 3431 1
266 3371 298 3420 17
317 3365 486 3434 Hagesilaus
505 3366 539 3420 H
556 3365 560 3438 Ι
580 3367 709 3422 locenses
727 3364 761 3432 P,
780 3366 843 3418 item
860 3363 940 3430 iufra
960 3365 1014 3432 119
1033 3363 1075 3416 in-

63 3437 210 3493 commodo
229 3438 275 3506 Pl
295 3435 624 3491 201111111111111111111
642 3436 676 3490 H
694 3438 698 3503 Ι
718 3441 751 3489 21
771 3433 807 3488 iis
825 3434 853 3488 P
872 3437 875 3499 Ι
896 3439 931 3488 23
949 3433 1074 3503 ynantios

61 3509 132 3576 HP,
151 3524 221 3564 corr.
239 3509 298 3564 edd.
315 3511 320 3574 Ι
335 3513 372 3561 24
390 3523 533 3576 regressus
550 3507 601 3577 Hl
622 3513 657 3562 25
676 3508 735 3562 eius
753 3506 804 3576 ΗΙ
825 3511 860 3560 26
880 3504 1002 3560 Viriatus
1022 3505 1051 3557 P
1069 3503 1073 3575 l

62 3585 96 3636 2⁷
117 3596 231 3636 securus
245 3580 291 3649 Pl
311 3583 346 3633 28
364 3579 425 3632 tum
445 3579 473 3632 P
498 3579 559 3632 turn
577 3594 641 3633 curn
660 3579 734 3634 edd:
752 3578 787 3644 cf.
802 3594 832 3646 p.
852 3581 952 3644 80,14
