2400 3944
430 107 539 163 LIBER
557 108 577 165 Ι.
606 108 684 164 ΟΔΡ.
704 115 728 164 5.
1045 107 1084 170 17

62 271 221 355 adgesta3
258 268 414 350 quosdam
447 270 567 354 aditus,
605 271 660 354 qui
692 270 733 336 ad
766 274 896 354 portum
928 270 1086 354 ferebant,

10 414 14 419 .
61 358 220 426 trabibus
247 358 446 424 transmissis
479 363 511 424 et
537 360 572 424 in
601 359 735 423 densum
768 359 915 424 ordinem
944 360 1086 445 structis,

10 530 12 535 Ι
62 447 198 535 ingenti
217 447 302 511 mols
320 450 447 513 tutatus
466 447 569 531 (est).
608 446 724 531 quibus
742 448 937 532 perpetratis
958 448 998 514 ad
1017 471 1086 532 spe

64 539 153 604 ciem
177 535 365 601 retinendae
393 536 482 601 urbis
505 558 596 601 raros
619 557 680 619 pro
704 537 873 601 moenibus
898 538 1086 623 sagittarios

63 625 217 710 reliquit,
235 628 360 690 ceteras
378 625 490 709 copias
512 625 581 690 sine
600 625 744 689 tumultu
761 625 803 713 ad
822 647 923 691 naues
942 626 1086 692 deduxit:
1105 641 1121 691 t

11 754 14 795 :
64 714 283 798 nauigantem
315 735 387 777 eum
420 735 496 778 mox
528 713 693 797 sagittarii
726 734 854 798 quoque
883 736 942 798 per
968 714 1087 779 itinera

10 842 12 851 =
65 806 150 870 nota
174 802 318 887 degressi
341 802 451 886 paruis
475 803 617 889 nauigiis
641 801 806 867 consecuti
831 807 914 868 sunt

10 908 13 913 '
137 891 168 956 6.
196 888 231 956 (l.
256 889 401 956 Duellius
424 891 539 956 consul
566 893 601 956 in
624 895 722 975 portu
745 889 963 974 Syracusano,
991 911 1087 974 quem

65 985 193 1046 temere
208 979 402 1064 intrauerat,
421 980 549 1045 obieeta
568 980 607 1044 ad
622 981 805 1064 ingressum
824 984 939 1045 catena
958 980 1087 1044 clausus

10 1096 12 1101 ·
65 1069 241 1135 uniuersos
264 1068 299 1132 in
317 1089 460 1153 puppem
479 1069 591 1133 retulit
609 1069 730 1134 milites
750 1072 846 1153 atque
864 1069 912 1135 ita
934 1069 1088 1154 resupina
1107 1085 1141 1134 10

65 1156 204 1242 nauigia
240 1176 361 1241 magna
396 1157 631 1243 remigantium
668 1158 701 1222 ui
734 1158 923 1223 concitauit:
960 1159 1087 1223 leuatae

66 1267 186 1332 prorae
210 1266 307 1329 super
333 1248 481 1311 catenam
510 1250 746 1330 processerunt.
791 1269 853 1329 qua
875 1249 969 1331 parte
993 1269 1087 1332 supe-

66 1338 144 1401 rata
170 1335 366 1419 transgressi
393 1356 506 1399 rursus
534 1334 655 1400 milites
682 1358 797 1419 proras
825 1338 1026 1420 presserunt,
1052 1335 1088 1399 in

66 1445 152 1509 quas
185 1444 314 1487 uersum
343 1423 471 1506 pondus
500 1423 670 1488 decursum
698 1447 795 1509 super
823 1429 971 1490 catenam
1000 1423 1087 1488 dedit

65 1511 220 1578 nauibus.
1107 1527 1140 1577 15

138 1601 168 1666 7.
198 1599 365 1684 Lysander
391 1600 678 1685 Lacedaemonius,
706 1623 777 1666 oum
805 1602 840 1665 in
868 1606 963 1684 portu
987 1601 1086 1664 Athe·

29 1746 33 1750 .
67 1689 234 1754 niensium
253 1711 325 1753 cum
343 1691 416 1754 tota
435 1689 538 1754 classe
558 1690 774 1769 obsideretur,
798 1690 923 1753 obrutis
942 1689 1088 1753 hostium

66 1778 210 1844 nauibus
239 1777 281 1842 ab
311 1798 349 1842 ea
370 1781 478 1862 parte,
507 1801 571 1863 quo
597 1779 746 1843 faucibus
775 1775 1016 1862 angustissimis
1040 1775 1088 1840 in-

67 1867 145 1932 fluit
168 1887 271 1950 marc,
294 1865 416 1931 milites
441 1888 517 1932 suos
541 1867 626 1931 clam
649 1868 684 1931 in
706 1866 784 1930 litus
804 1865 915 1951 egredi
937 1864 1034 1929 iussit
1057 1868 1090 1929 et

68 1954 227 2022 subiectis
246 1954 329 2020 rotis
348 1977 449 2020 naues
469 1956 509 2020 ad
529 1956 713 2041 proximum
731 1957 862 2038 portum
877 1952 1088 2037 Munychiam
1107 1969 1141 2019 20

67 2044 210 2109 traiecit.

140 2133 170 2198 8.
193 2130 375 2198 Hirtuleius
398 2133 526 2218 legatus
547 2131 584 2209 Q.
605 2131 755 2215 Sertorii,
778 2153 851 2196 cum
873 2131 908 2195 in
926 2129 1089 2215 Hispania

66 2223 159 2288 inter
181 2221 262 2287 duos
286 2225 412 2287 montes
437 2222 592 2305 abruptos
616 2223 751 2306 longum
775 2223 808 2283 et
828 2224 1002 2305 angustum
1026 2221 1089 2286 iter

68 2312 240 2396 ingressus
268 2333 388 2395 paucas
413 2310 544 2376 duceret
566 2310 717 2376 cohortes
741 2310 1016 2394 comperissetque
1039 2309 1089 2373 in-

69 2403 207 2484 gentem
220 2421 352 2464 manum
365 2399 511 2464 hostium
527 2399 710 2485 aduentare,
729 2398 851 2464 fossam
868 2403 1088 2463 transuersam
1107 2412 1143 2462 25

68 2490 158 2554 inter
191 2492 319 2554 montes
352 2488 472 2573 pressit
504 2489 689 2574 uallumque
723 2489 862 2553 materia
888 2491 1088 2552 exstructum

69 2576 217 2643 incendit
241 2581 337 2662 atque
360 2579 407 2643 ita
429 2578 606 2642 intercluso
630 2577 725 2642 hoste
749 2578 862 2642 euasit.

141 2667 170 2733 9.
201 2664 236 2733 C.
260 2664 382 2732 Caesar
402 2667 491 2731 bello
516 2666 618 2751 ciuili,
642 2688 715 2731 cum
739 2667 893 2732 aduersus
917 2663 1088 2730 Afranium
1125 2666 1128 2671 ’

69 2755 185 2840 copies
213 2754 364 2822 educeret
392 2759 425 2819 et
452 2755 628 2840 recipiendi
656 2777 691 2820 se
719 2756 792 2825 sine.
819 2755 962 2839 periculo
990 2752 1091 2817 facul·

70 2849 176 2910 tatem
196 2866 261 2910 non
280 2845 430 2928 haberet,
450 2844 535 2910 sieut
553 2845 757 2923 constiterat,
777 2845 883 2927 prima
902 2845 935 2905 et
950 2841 1091 2905 secunda
1109 2857 1143 2906 30

146 2988 162 3036 3
183 2985 227 3038 est
245 2985 310 3041 add.
330 2986 349 3039 d
369 2987 373 3052 Ι
398 2990 416 3037 4
434 3001 511 3039 roras
530 2983 576 3038 H¹
601 2986 605 3053 Ι
631 2991 646 3039 1
666 2983 785 3053 digressi
805 2982 879 3048 ΗΡ,
902 2980 1008 3036 comesi
1031 2980 1089 3035 ooll.

74 3053 150 3109 Gaea
171 3055 196 3109 b.
215 3068 238 3109 r.
257 3059 284 3122 1,
298 3059 380 3123 28,3
401 3058 405 3122 Ι
431 3055 552 3124 nauigiis
572 3071 606 3110 ccc
623 3072 712 3109 nauus
732 3071 801 3110 corr.
820 3054 854 3107 H
872 3057 875 3120 Ι
901 3057 917 3106 8
937 3051 1091 3120 Segestano

74 3124 145 3180 ond.
166 3140 200 3180 cc
218 3125 313 3196 Polyb.
334 3130 360 3192 1,
374 3130 427 3191 24;
450 3127 485 3193 cf.
506 3127 702 3193 Zoncr.8,11
725 3127 729 3194 Ι
755 3125 883 3180 delusus
901 3123 958 3194 ΗΙ
984 3127 1017 3176 10
1035 3123 1091 3178 ret·

72 3195 142 3250 tulit
161 3194 190 3249 P
218 3197 222 3263 Ι
254 3202 287 3251 12
305 3197 484 3266 proiecerunt
502 3197 535 3250 Η
562 3200 566 3266 Ι
597 3203 630 3252 18
648 3197 755 3268 rursus]
776 3198 895 3252 cursud
920 3199 923 3262 Ι
953 3200 1091 3249 romono

72 3265 161 3323 etism
172 3267 242 3336 ΗΡ,
262 3284 309 3322 cm.
321 3267 397 3324 Mod.
414 3270 418 3334 1
435 3273 469 3322 22
485 3268 517 3334 Q.
536 3269 568 3322 ia
585 3285 640 3324 ras.
656 3269 742 3323 triton
755 3269 811 3336 fere
825 3269 876 3324 dtr.
895 3270 961 3336 (que
971 3265 1015 3320 H¹
1025 3265 1053 3334 ἓ)
1065 3267 1092 3333 h,

72 3354 124 3395 ora.
146 3339 176 3392 P
198 3341 203 3409 Ι
228 3343 264 3393 24
308 3354 392 3395 sucos
407 3339 442 3393 H
462 3340 466 3407 Ι
491 3343 525 3392 26
551 3338 688 3407 depressit
709 3338 824 3395 Guictus
855 3337 994 3410 percussit
1012 3337 1090 3392 Stew.

73 3409 226 3481 praeduxit
284 3411 444 3478 mhemutlrl
464 3410 600 3464 materiae
614 3409 657 3463 11¹
677 3411 793 3466 materie
812 3412 844 3479 2,·
868 3412 902 3479 cf.
920 3412 1049 3478 p.16,1.
1065 3413 1089 3462 6.

72 3485 184 3550 22,17.
203 3484 250 3550 21,
266 3485 308 3537 14.
331 3484 336 3552 l
362 3489 396 3538 30
416 3482 440 3536 si
459 3480 643 3537 constituerat
661 3481 705 3536 H¹

127 3581 269 3623 Fronrrrus
285 3581 319 3623 ed.
335 3581 505 3622 Gundermenn.
916 3573 931 3620 2
