2400 3944
375 197 523 254 LIBERI.
552 196 628 253 CAP.
649 204 745 254 s-lo.
1030 199 1072 264 29

39 367 186 442 senatu,
210 384 251 426 ne
273 355 450 427 tumultum
473 364 634 445 moueret,
662 361 690 426 si
713 362 801 428 solos
825 366 994 427 euocasset
1016 384 1072 427 no·

41 456 181 536 centes,
213 450 333 516 mixtos
366 450 412 514 cis
445 449 502 534 qui
534 452 626 515 extra
659 451 811 516 delictum
842 455 935 515 erant
962 451 1073 516 uenire

46 541 160 608 iussit.
195 539 244 604 ita
267 543 301 605 ct
318 538 408 605 noxii
426 539 550 604 minore
569 561 642 604 eum
661 543 764 623 metu,
787 540 948 624 quianon
966 561 1071 626 segre·

44 630 125 718 gati
150 627 288 713 ideoque
309 649 375 693 non
393 650 432 692 ex
451 650 549 692 eausa
568 627 683 711 eulpae
703 626 896 693 uidebantur
915 629 1073 712 arcessiri,

47 720 233 804 paruerunt
270 721 303 782 et
338 717 401 801 illi,
439 717 556 801 quibus
593 717 723 801 integra
760 720 830 781 erat
866 718 1108 801 conscientias

45 806 274 874 custodiendis
290 826 417 890 quoque
431 805 624 871 nocentibus
639 803 863 889 adtendcrunt‚
881 826 923 870 ne
940 806 1073 872 illorum

49 897 135 983 fuga
159 895 414 980 inquinarentur.

121 985 154 1050 4.
185 981 219 1048 Ο.
244 982 376 1062 Caesar,
404 1005 476 1047 cum
500 983 658 1066 quaedam
681 983 826 1068 legiones
850 983 918 1047 eius
943 982 1073 1047 seditio·

48 1095 130 1140 nem
164 1072 356 1155 munissent,
389 1071 469 1136 adeo
497 1075 535 1135 ut
561 1072 595 1136 in
623 1071 799 1155 pernicicm
830 1093 957 1156 quoque
985 1072 1073 1136 ducis

49 1162 246 1228 uiderentur
267 1162 546 1244 consurrectum,
574 1160 779 1225 dissimulato
802 1163 892 1224 metu
915 1160 1074 1245 processit
1095 1177 1128 1226 10

50 1251 96 1318 ad
126 1250 250 1315 milites
277 1249 584 1334 postulantibusque
614 1249 804 1314 missionem
837 1250 922 1314 ultro
955 1249 1075 1315 minaei

51 1340 152 1406 uultu
170 1337 271 1403 dedit:
294 1340 520 1403 exauctoratos
539 1337 740 1422 paenitentia
759 1338 867 1424 coegit
886 1339 1075 1404 satisfacere

49 1426 247 1512 imperatori
271 1427 599 1511 obsequentioresque
621 1428 655 1491 in
673 1427 799 1511 reliqua
818 1448 917 1510 opera
937 1449 970 1492 se
990 1427 1074 1492 dare.

95 1710 97 1714 v
118 1636 154 1692 X.
183 1635 476 1704 QUEMADMODUM
494 1635 771 1691 INTEMPESTIVA
789 1635 1015 1692 POSTULATIO

361 1723 510 1779 PUGNAE
529 1723 765 1780 INHIBEATUR.
1096 1729 1128 1778 15

127 1872 155 1936 1.
180 1869 217 1946 Q.
232 1865 404 1952 Sertorius,
419 1869 505 1954 quod
520 1871 741 1955 experimento
756 1869 913 1934 didicerat
927 1869 1076 1952 inparem

56 1981 94 2025 se
112 1958 267 2024 uniuerso
286 1958 507 2024 Romanorum
527 1958 693 2042 exercitui,
716 1962 753 2023 ut
771 1958 927 2024 barbaros
947 1979 1075 2042 quoque

53 2048 245 2114 inconsulte
274 2070 417 2133 pugnam
446 2051 655 2131 exposcentes
685 2046 828 2126 doceret,
862 2046 1008 2111 adductis
1041 2047 1076 2110 in

54 2139 268 2221 conspectum
306 2136 431 2201 duobus
469 2136 576 2220 equis,
612 2136 801 2221 praeualido
839 2137 944 2215 alteri,
983 2136 1076 2200 alteri

55 2225 234 2292 admodum
271 2225 347 2289 exili
382 2225 461 2290 duos
495 2225 641 2290 admouit
672 2225 804 2290 iuuenes
838 2224 989 2290 similiter
1021 2225 1076 2290 ad·
1095 2239 1129 2288 2ο

54 2316 178 2399 factos,
201 2313 371 2379 robustum
396 2318 428 2378 et
451 2314 614 2399 gracilem.
652 2336 690 2379 ae
708 2314 885 2380 robustiori
903 2314 1077 2398 imperauit

56 2424 145 2488 equo
163 2403 241 2468 exili
259 2404 443 2468 uniuersam
462 2404 597 2467 caudam
618 2403 818 2488 abrumpere,
837 2403 951 2488 gracili
968 2407 1076 2468 autem

56 2492 275 2558 ualentiorem
296 2513 353 2576 per
373 2492 520 2577 singulos
539 2491 668 2577 (pilos)
688 2493 817 2558 uellere.
850 2514 986 2576 cumque
1007 2512 1077 2577 gra·

57 2581 133 2648 cilis
156 2579 289 2646 fecisset
311 2581 396 2664 quod
419 2583 615 2666 imperatum
644 2583 728 2665 erat,
756 2581 974 2646 ualidissimus
1004 2602 1077 2646 eum

56 2669 183 2735 infirmi
206 2669 280 2753 equi
304 2669 405 2734 cauda
429 2670 498 2735 sine
523 2670 638 2735 effectu
660 2670 851 2753 luctaretur,
883 2668 1077 2753 ‘naturam'‚
1096 2681 1130 2730 25

134 2861 358 2917 1solouocasset
371 2861 415 2916 H1
431 2861 435 2932 Ι
452 2868 468 2916 3
487 2863 519 2916 ut
537 2861 644 2917 minore
659 2863 694 2916 H
707 2866 710 2930 l
728 2868 744 2915 4
764 2861 952 2931 accessiriPl
972 2868 1077 2914 beom-

58 2935 215 3005 paruerunt
228 2933 288 2988 edd.
307 2935 310 3002 l
328 2933 395 3003 quin
405 2932 440 2987 H
455 2938 518 2988 aare
532 2950 600 2988 corr.
618 2936 621 3003 l
638 2933 709 3004 erat]
725 2949 793 2987 uera
807 2933 842 2986 H
854 2932 858 3003 l
875 2936 1078 2985 8111111111]-

59 3020 134 3074 quae
152 3004 189 3058 H
203 3004 236 3059 tu
253 3007 329 3072 raa!
352 3009 385 3058 12
404 3004 485 3058 uoltu
503 3005 548 3073 Pl
573 3010 606 3059 13
624 3003 765 3072 reliquum
784 3004 830 3071 Pl
851 3018 950 3071 operas
971 3002 1000 3055 P
1016 3006 1079 3056 aute

59 3091 116 3131 raa.
143 3077 148 3145 1
178 3091 208 3130 11
228 3073 294 3130 dare
313 3073 477 3130 consedere
496 3075 560 3129 ΗΡ
590 3092 619 3130 11
637 3075 740 3130 dedere
759 3074 860 3128 Hurtel
886 3073 916 3126 in
939 3071 1079 3141 reliquum

60 3163 162 3218 operas
181 3146 264 3200 edere
282 3147 342 3202 edd.

136 3222 171 3272 14
189 3219 300 3273 titrelcm
319 3235 369 3272 om.
391 3215 467 3285 0111
490 3223 523 3271 lc
541 3218 612 3273 idem
630 3217 781 3286 excerptum
799 3217 925 3285 4,7,61
952 3221 984 3270 17
1004 3233 1079 3270 exer·

61 3287 131 3352 citui
149 3288 196 3357 H,
221 3289 268 3343 sed
291 3304 357 3342 exer
379 3290 471 3343 eadem
493 3305 565 3343 mun.
590 3295 615 3344 et
638 3291 685 3344 alt.
704 3289 714 3341 i
732 3289 750 3342 b
768 3288 801 3342 in
817 3303 873 3342 ras.
904 3289 908 3357 l
940 3292 972 3342 19
997 3286 1081 3343 alteri

60 3361 140 3418 senwl
159 3377 210 3417 om.
226 3361 272 3430 Pl
288 3364 322 3414 20
342 3359 479 3430 adfectos]
500 3361 606 3414 eleetos
625 3362 642 3415 l.
662 3362 679 3415 l.
697 3361 700 3428 l
718 3365 751 3413 23
771 3358 936 3413 ualentioris
958 3359 1027 3415 Oed.
1048 3375 1081 3413 ec

61 3433 79 3489 l.
100 3433 117 3488 l.
136 3433 140 3502 Ι
157 3430 271 3503 singula
290 3432 337 3500 ΡΙ
361 3430 435 3500 pilos
453 3431 542 3501 suppl.
563 3433 621 3486 edd.
641 3448 674 3486 ea
693 3432 710 3486 l.
730 3431 747 3484 l.
769 3431 774 3499 Ι
800 3435 835 3485 24
853 3429 979 3502 fecisset]
998 3429 1080 3484 uicis·

61 3506 106 3559 set
124 3504 161 3558 H
185 3502 286 3575 gracili
304 3502 483 3558 successisset
500 3502 603 3558 Hurtel
625 3519 658 3557 ea
677 3502 693 3556 l.
714 3503 730 3556 l.
757 3505 761 3570 Ι
791 3506 826 3556 25
845 3500 961 3556 infirmis
981 3502 1016 3555 H
1039 3500 1080 3555 in·

60 3573 192 3630 firmioris
211 3573 327 3643 Παντεῖ,
344 3574 391 3630 aed
409 3574 443 3641 cf.
460 3574 549 3642 praef.
569 3573 640 3644 §14
