2392 3944
137 187 182 251 44
342 186 417 243 IULI
435 185 615 242 PRONTINI
634 185 957 244 STRATEGEMATON

136 352 272 435 ipsaque
295 349 359 414 loci
381 354 500 415 natura
522 370 582 433 pro
602 348 811 414 munimentis
835 372 912 415 usus
936 348 1171 491 clarissimum]

138 439 251 503 ducem
274 438 361 504 uicit
1168 494 1171 527 ,

206 527 235 594 7.
256 525 347 591 Idem
367 527 452 612 apud
472 524 614 606 Cannas,
633 548 706 591 cum
730 527 941 612 comperisset
956 527 1171 596 Volturnum¹

137 637 266 681 amnem
294 617 380 681 ultra
405 616 606 700 reliquorum
631 619 783 682 naturam
814 615 984 682 fluminum
1013 618 1171 704 ingentis¹

101 721 232 770 oauras
256 727 351 770 mane
379 704 532 790 proflare,
560 725 642 789 quae
667 725 837 769 arenarum
860 709 893 769 et
915 706 1066 790 pulueris
1089 722 1171 781 uer-1

136 793 217 859 tices
246 796 393 878 agerent,
422 794 468 859 sie
497 793 614 858 direxit
642 793 757 875 aciem,
785 796 822 857 ut
844 797 915 859 tota
942 794 994 860 uis
1020 817 1043 860 a
1064 798 1171 882 tergo}

137 883 218 967 suis,
246 881 405 948 Romanis
433 883 468 947 in
492 904 549 947 ora
572 886 605 947 et
628 882 739 947 oculos
762 881 938 947 incederet:
966 883 1090 966 quibus
1110 884 1171 951 in!

136 971 315 1037 commodis
334 972 415 1036 mire
433 971 521 1036 hosti
540 971 786 1036 aduersantibus
801 971 893 1037 illam
907 973 1155 1040 memorabilem
1169 1000 1171 1059 ξ

137 1060 273 1145 adeptus
298 1064 347 1125 est
369 1059 552 1125 uictoriam.
1169 1108 1171 1135 ,

84 1165 117 1215 10
204 1149 234 1214 8.
264 1147 388 1213 Marius
416 1148 571 1213 aduersus
595 1147 743 1214 Cimbros
772 1169 810 1213 ac
838 1149 1004 1214 Teutonos
1035 1149 1171 1237 eonati-j

135 1240 208 1301 tuta
227 1236 277 1300 die
296 1241 500 1322 pugnaturus
519 1238 684 1302 firmatum
701 1236 774 1303 cibo
793 1236 932 1302 militem
951 1241 1033 1303 ante
1051 1243 1171 1307 aarum

136 1324 335 1409 conlocauit,
363 1329 401 1390 ut
428 1347 488 1411 per
515 1326 718 1409 aliquantum
746 1326 859 1411 spatii,
887 1348 951 1410 quo
975 1326 1171 1395 aduersarii

137 1413 386 1497 dirimebantur,
409 1414 568 1479 exercitus
591 1414 737 1480 hostium
760 1415 869 1499 potius
892 1415 1006 1481 labore
1031 1415 1155 1483 itineris

136 1501 377 1588 profligaretur:
409 1501 598 1586 fatigationi
629 1502 744 1569 deinde
772 1525 884 1568 eorum
912 1504 1154 1571 incommodum

84 1607 116 1656 ro
138 1591 227 1655 aliud
246 1591 375 1676 obiecit,
392 1592 440 1656 ita
454 1591 606 1657 ordinata
624 1614 756 1658 suorum
776 1593 854 1676 acie,
872 1595 910 1656 ut
929 1592 1070 1659 aduerso
1091 1592 1154 1661 sch

138 1682 170 1745 et
189 1683 289 1744 uento
309 1684 342 1745 et
359 1681 492 1765 puluere
515 1681 727 1748 harbarorum
751 1684 963 1765 occuparetur
985 1682 1154 1749 exercitur.

205 1768 235 1835 9.
272 1766 459 1834 Cleomenes
493 1769 767 1835 Lacedaemonius
806 1771 961 1835 aduersus
995 1768 1153 1856 Hippiam

139 1856 386 1942 Atheniensem,
414 1858 470 1942 qui
494 1859 640 1942 equitatu
664 1858 888 1944 praeualebat,
911 1857 1153 1943 planitiem,in

137 1967 201 2029 qua
225 1945 435 2012 dimicaturus
460 1951 543 2031 erat,
567 1947 736 2012 arboribus
760 1948 935 2031 prostratis
958 1947 1105 2032 inpediit
1124 1949 1171 2025 a,

84 2050 117 2100 20
137 2034 260 2099 inuiam
284 2034 363 2099 fecit
386 2035 497 2120 equiti.
1168 2044 1171 2053 '

205 2124 255 2188 10.
285 2123 401 2188 Hiberi
423 2124 458 2187 in
481 2123 594 2188 Africa
616 2123 743 2207 ingenti
769 2121 915 2187 hostium
941 2123 1171 2190 multitudine¹

136 2211 263 2294 excepti
280 2212 510 2295 timentesque,
532 2233 572 2276 ne
592 2212 852 2295 circumirentur,
875 2210 1105 2296 adplicuerunt
1119 2232 1148 2278 ee
1169 2216 1171 2223 '

135 2298 277 2383 flumini,
299 2299 386 2383 quod
410 2300 485 2385 altis
504 2300 539 2363 in
558 2321 597 2364 ea
614 2300 747 2384 regione
769 2300 848 2384 ripis
867 2301 1087 2385 praefluebat:
1107 2301 1147 2365 ie

138 2409 157 2451 a
179 2390 273 2472 tergo
297 2409 391 2452 amne
415 2386 540 2453 defensi
563 2391 603 2457 ‚et
630 2387 779 2473 subinde,
807 2409 881 2453 oum
909 2389 1034 2456 uirtute
1062 2409 1145 2476 prae·

83 2491 117 2540 25
138 2479 277 2560 starent,
300 2474 493 2540 incursando
512 2475 547 2538 in
565 2476 730 2560 proximos
750 2499 879 2542 omnem
902 2477 1050 2544 hostium
1069 2497 1145 2545 exer

137 2564 238 2628 citum
262 2567 456 2629 strauerunt.

206 2654 257 2717 11.
285 2651 494 2738 Xanthippus
517 2651 791 2718 Lacedaemonius
821 2655 892 2720 sola
919 2655 984 2720 looi
1011 2674 1145 2722 commu·

135 2740 261 2806 tatione
289 2741 452 2807 fortunam
475 2741 589 2807 Punici
616 2742 694 2807 belli
722 2743 891 2808 conuertit.
936 2765 1015 2808 nam
1040 2761 1144 2811 cuma

137 2829 385 2914 desperantibus
412 2831 476 2895 iam
506 2829 831 2917 Carthaginiensibus
859 2831 1007 2898 mercede
1035 2830 1145 2905 sollieie

82 2934 116 2983 30
134 2922 225 2984 tatus
254 2920 540 2985 animaduertisset
562 2921 661 2985 Afros
690 2920 834 3005 quidem,
860 2921 916 3004 qui
944 2920 1093 3004 equitatu
1119 2920 1152 2984 et·

137 3008 318 3093 elephantis
333 3010 556 3094 praestabant,
570 3009 670 3074 colles
686 3009 813 3093 sectari,
827 3031 847 3074 a
860 3007 1020 3074 Romanis
1036 3014 1145 3092 autem,

209 3155 222 3201 1
247 3146 303 3202 loci
323 3147 361 3215 (ci
380 3150 412 3202 ia
429 3164 484 3202 rae.
504 3149 534 3216 h)
551 3147 586 3201 H
606 3149 609 3215 Ι
639 3154 656 3201 4
675 3164 786 3202 amnem
806 3177 839 3188 -
857 3147 1017 3219 fluminum]
1037 3149 1145 3204 uentum

135 3249 170 3259 -
184 3217 328 3272 flaminum
340 3217 486 3274 Cluverius
502 3219 506 3289 Ι
522 3218 659 3274 Volturno
670 3217 802 3273 Aufidum
813 3217 897 3273 Oud:
911 3218 947 3283 of.
958 3220 1050 3287 praef.
1065 3218 1126 3292 §11
1138 3214 1144 3287 Ι

136 3287 291 3356 tproflore
311 3288 346 3342 H
370 3295 433 3344 cate
452 3306 521 3345 corr.
548 3293 551 3355 Ι
577 3296 593 3344 6
617 3292 715 3358 aterga
733 3290 764 3344 H
789 3291 793 3359 Ι
824 3288 997 3343 ‘lincideret
1014 3291 1067 3346 bP
1089 3292 1093 3356 Ι
1116 3290 1145 3342 lt
1169 3320 1171 3355 Ι

136 3357 213 3426 quod
226 3359 258 3411 Η
274 3360 278 3427 Ι
297 3366 328 3414 13
348 3361 436 3415 totius
450 3359 552 3416 Hartet
570 3359 648 3431 prius
664 3361 734 3416 Oad.
753 3360 879 3429 protinus
893 3359 1024 3415 Herelius
1041 3363 1045 3430 Ι
1070 3366 1102 3416 15
1118 3357 1145 3413 ut

135 3444 266 3496 saperem.
287 3431 321 3482 H
342 3433 346 3499 Ι
374 3436 405 3484 17
430 3432 510 3499 hippi
528 3432 563 3486 H
585 3435 588 3499 Ι
615 3437 648 3486 19
667 3431 777 3500 inpedit
795 3431 839 3484 Ηι
864 3435 868 3497 Ι
894 3436 926 3485 21
952 3431 1059 3486 Heberi
1076 3429 1120 3486 H¹
1138 3426 1143 3499 Ι

136 3500 252 3553 africam
266 3501 336 3566 ΗΡ,
355 3517 425 3556 corr.
439 3503 458 3556 d
474 3503 478 3570 Ι
495 3508 528 3556 23
549 3502 658 3572 quiite
675 3503 721 3571 ΡΙ
738 3508 771 3556 27
790 3501 951 3572 Xantippue
970 3503 1017 3572 ΡΙ
1034 3508 1069 3558 29
1087 3513 1145 3556 nam
1169 3560 1171 3567 ,

137 3570 181 3623 H1
202 3575 205 3640 Ι
231 3571 495 3642 carthaginensibus
509 3573 544 3627 H
