2400 3944
143 206 163 269 8
347 203 423 258 IULI
440 202 617 258 FRONTINI
637 201 961 259 STRATEGEMATON

212 367 263 431 12.
295 366 445 431 Metellus
469 364 545 430 Pius
573 365 607 429 in
629 364 789 450 Hispania
816 366 1056 450 interrogatus,
1086 368 1153 454 quid

142 459 273 540 postera
297 455 348 520 die
370 454 516 519 facturus
541 457 639 537 esset,
669 453 829 519 ‘tunicam
854 476 974 539 meam,
998 455 1029 520 si
1053 457 1154 542 eloqui

142 543 278 629 posset’,
301 543 421 627 inquit,
444 542 708 608 ‘comburerem'.

212 632 263 697 13.
286 632 330 697 M.
347 631 491 697 Licinius
511 629 648 696 Crassus
666 632 906 715 percunctanti,
929 654 993 716 quo
1011 636 1155 718 tempore

108 724 251 786 ceastre
279 723 426 786 moturus
455 724 552 804 esset,
580 720 760 803 respondit:
794 719 947 804 ‘uereris,
974 743 1016 786 ne
1046 724 1155 788 tubam

143 832 209 875 non
233 808 422 875 exaudias?'

258 1037 294 1093 IL
321 1035 370 1089 DE
390 1033 648 1090 EXPLORANDIS
667 1033 844 1091 CONSILIIS
863 1035 1039 1091 HOSTIUM.

211 1166 239 1228 1.
264 1161 371 1246 Scipio
393 1160 580 1245 Africanus,
605 1166 700 1245 capta
723 1162 891 1227 occasione
914 1163 1098 1229 mittendae
1121 1165 1157 1230 ad

144 1251 326 1336 Syphacem
363 1249 553 1335 legationis,
589 1272 662 1315 cum
693 1250 806 1315 Laelio
843 1272 1012 1315 seruorum
1046 1252 1157 1318 habitu

90 1357 124 1404 10
143 1340 291 1405 tribunos
316 1342 348 1403 et
371 1339 576 1402 centuriones
601 1339 813 1404 electissimos
836 1341 884 1403 ire
907 1340 1015 1423 iussit,
1043 1341 1156 1425 quibus

143 1450 238 1494 curae
268 1431 355 1492 esset
382 1427 563 1512 perspicere
590 1427 697 1510 regias
720 1429 815 1493 uires.
860 1427 909 1512 hi,
937 1449 1000 1512 quo
1024 1429 1157 1495 liberius
1199 1457 1200 1511 Ι

143 1521 322 1582 castrorum
342 1516 538 1600 positionem
557 1519 786 1600 scrutarentur,
805 1538 922 1606 equum
941 1517 980 1581 de
997 1516 1158 1584 industria

143 1606 313 1670 dimissum
350 1608 517 1687 tamquam
553 1604 733 1689 fugientem
770 1605 946 1688 persectati
982 1607 1159 1673 maximam

142 1698 268 1779 partem
296 1693 569 1758 munimentorum
597 1693 841 1758 circumierunt:
870 1715 951 1778 quae
980 1715 1055 1759 eum
1078 1718 1159 1761 nun·

92 1802 123 1850 ro
142 1783 293 1864 tiassent,
316 1782 464 1847 incendio
488 1781 671 1846 confectum
695 1783 817 1846 bellum
841 1786 899 1848 est.

210 1874 240 1936 2.
268 1871 304 1947 Q.
328 1870 448 1935 Fabius
472 1869 634 1935 Maximus
658 1871 746 1936 bello
769 1869 923 1954 EtruscO,
952 1892 1026 1935 cum
1054 1873 1159 1938 adhuc

133 1960 327 2045 incognitae
354 1959 462 2029 forent
488 1958 647 2024 Romanis
676 1959 809 2023 ducibus
838 1959 1021 2044 sagaciores
1051 1964 1160 2046 explo-

143 2048 235 2114 randi
254 2050 335 2132 uiae,
353 2048 488 2112 fratrem
507 2046 644 2112 Fabium
663 2045 850 2131 Caesonem,
868 2048 1009 2131 peritum
1027 2049 1160 2135 linguae

142 2136 315 2220 Etruscae,
338 2136 433 2201 iussit
452 2135 559 2201 Tusco
582 2136 697 2201 habitu
721 2140 891 2220 penetrare
910 2134 1086 2202 Ciminiam
1106 2140 1160 2204 sil·

90 2243 233 2308 acuam,
260 2226 490 2308 intemptatam
519 2227 595 2288 ante
622 2224 721 2288 militi
749 2228 875 2289 nostro:
906 2226 991 2309 quod
1019 2225 1049 2290 is
1079 2229 1160 2294 adeo

143 2313 318 2398 prudenter
337 2316 434 2396 atque
453 2312 611 2377 industrie
629 2311 720 2395 fecit,
743 2317 781 2377 ut
798 2317 1021 2397 transgressus
1040 2316 1160 2382 siluam

142 2401 284 2467 Umbros
313 2398 495 2484 Camertes,
528 2421 600 2465 cum
631 2401 914 2467 animaduertisset
940 2424 1007 2467 non
1034 2405 1160 2472 alienos

142 2491 266 2556 nomini
287 2489 450 2571 Romano,
476 2489 517 2554 ad
539 2490 730 2554 societatem
754 2490 952 2574 compulerit.

210 2579 239 2643 3.
263 2577 558 2663 Carthaginienses,
572 2600 645 2643 cum
660 2579 967 2644 animaduertissent
979 2578 1160 2647 Alexandri

70 2685 123 2735 ,25
142 2669 190 2732 ita
210 2687 346 2750 magnas
373 2688 464 2751 opes,
487 2671 524 2731 ut
546 2666 678 2733 Africae
700 2689 826 2752 quoque
848 2668 1034 2751 inmineret,
1057 2692 1160 2736 unum

143 2779 183 2821 ex
207 2755 346 2839 ciuibus,
374 2756 482 2820 uirum
509 2777 614 2821 acrem
637 2756 769 2821 nomine
792 2755 1012 2821 Hamilcarem
1035 2756 1160 2825 Rhodi-

142 2867 233 2927 num,
256 2846 421 2910 iusserunt
440 2844 592 2910 simulato
613 2845 726 2910 exsilio
749 2845 797 2908 ire
817 2845 857 2909 ad
876 2866 986 2930 regem
1006 2847 1160 2932 omnique

215 3081 228 3127 1
249 3074 315 3127 Pius
333 3089 383 3128 om.
404 3073 422 3126 d
442 3071 447 3142 Ι
472 3077 488 3125 2
507 3085 601 3124 meam
616 3070 757 3139 -inquit
775 3087 825 3126 cm.
841 3071 884 3124 Ηι
901 3072 905 3138 Ι
926 3071 956 3125 id
971 3077 1036 3140 post
1055 3073 1079 3126 si
1092 3091 1159 3144 per·

138 3160 236 3212 perum
250 3144 314 3198 odd.
329 3144 404 3207 edd.;
423 3143 457 3209 cf.
478 3141 539 3196 Vol.
555 3145 618 3209 7,4,
629 3145 653 3196 5.
675 3142 751 3197 Prae.
767 3143 894 3211 apophth.
911 3142 986 3197 Ooec.
1002 3143 1137 3203 Metell.2
1153 3147 1157 3218 Ι

141 3220 159 3267 4
177 3212 354 3284 percontanti
373 3215 431 3280 (aad
449 3229 465 3266 ο
484 3229 518 3268 aa
535 3231 555 3266 u
573 3228 642 3266 corr.
662 3218 686 3267 ct
704 3214 755 3266 tan
773 3215 805 3268 ic
822 3229 877 3267 ros.
890 3214 919 3280 h)
935 3213 1000 3267 ΗΡ

214 3291 246 3338 11
266 3283 424 3352 perspicere
438 3283 478 3350 H,
496 3284 542 3338 sed
562 3298 592 3336 er
604 3285 637 3338 ia
650 3286 732 3339 raah
749 3287 753 3353 Ι
770 3285 859 3354 quod
876 3302 940 3337 cum
950 3284 983 3337 H
986 3285 1031 3352 ΡΙ
1049 3291 1082 3340 15
1097 3288 1159 3342 ual-

141 3354 229 3410 lumd
245 3357 248 3420 Ι
267 3359 298 3408 17
314 3354 467 3424 sagatIores
479 3354 635 3409 -fratrem
645 3356 784 3411 Hlarus.
802 3356 807 3423 Ι
823 3361 858 3409 24
872 3354 1138 3424 Carthaginenseslc
1152 3359 1156 3430 Ι

142 3432 175 3480 26
195 3426 357 3481 amilcarem
371 3425 421 3495 ΗΙ
441 3425 571 3480 rodinum
588 3426 632 3494 H,
651 3428 697 3482 sed
715 3443 746 3481 ro
765 3428 797 3481 ia
815 3442 870 3480 roc.
889 3428 975 3480 triam
991 3427 1049 3494 fere
1068 3429 1121 3483 litt.
1140 3431 1159 3484 h

142 3497 290 3552 shodinum
312 3496 340 3549 P
362 3497 524 3565 rhodinum,
542 3498 685 3567 rhodium,
704 3497 862 3566 scodinum,
882 3498 1036 3565 stadInum,
1055 3499 1159 3556 rhoda·

141 3585 208 3621 num
228 3569 261 3636 d;
286 3567 454 3623 Rhodanum
473 3569 577 3624 Iastia.
596 3573 645 3637 21,
660 3574 716 3636 6,r
736 3573 761 3624 et
781 3568 857 3624 Oros.
876 3572 902 3636 4,
916 3573 944 3636 6,
957 3571 996 3623 21
