2400 3944
143 195 185 258 10
344 191 419 249 IULI
437 192 616 249 FRONTlNI
635 190 957 248 STRATEGEMATON

140 358 253 457 iugum
276 355 317 420 ab
340 355 490 421 hostibus
513 359 632 420 natura
655 355 817 420 munitum
839 355 956 433 teneri,
985 356 1149 439 praemisit
1187 430 1189 439 y

141 444 284 510 soisoitat
250 466 375 528 auros,
405 444 480 529 quid
508 445 556 509 rei
583 445 681 528 foret3
655 448 747 509 tae
774 443 989 508 referentibus
1020 445 1069 509 eis
1092 466 1150 510 non
1187 443 1192 493 l

141 555 211 598 esse
234 555 357 612 uerum,
380 534 466 617 quod
490 534 687 634 opinaretur,
708 534 875 617 ingressus
900 532 972 617 iter,
996 532 1055 597 ubi
1079 534 1151 598 uidit
1190 540 1192 578 ¹

142 644 181 686 ex
204 626 355 724 suspecto
379 623 455 707 iugo
479 643 632 707 magnam
655 621 721 686 uim
746 621 856 686 auium
885 620 982 685 simul
1011 623 1151 688 euolasss
1190 630 1192 637 ⁴

106 728 122 777 o
141 732 244 794 neque
264 712 396 775 omnino
414 710 564 793 residere,
583 710 669 776 arbit
670 714 760 774 ratus
775 713 825 775 est
838 709 940 774 latere
954 709 1027 775 illio
1042 732 1152 796 agmen

140 799 299 864 hostium:
313 799 423 884 itaque
437 798 656 865 circumducto
672 799 814 864 exercitu
829 797 925 862 elusit
939 798 1152 866 insidiatores

209 889 238 952 9.
266 887 456 954 Hasdrubal
482 887 584 953 frater
610 886 807 952 Hannibalis
835 887 983 952 innatum
1011 887 1101 953 Liuii
1127 893 1153 954 et

142 975 281 1042 Neronis
302 977 492 1059 exereitum,
516 998 712 1061 quamquam
734 976 797 1040 hoo
820 975 870 1039 illi
892 996 960 1040 non
983 974 1153 1061 duplicatis

143 1066 258 1130 eastris
282 1065 540 1149 dissimularent,
567 1065 742 1148 intellexit,
770 1063 855 1148 quod
879 1064 1063 1129 abitinere
1088 1066 1154 1130 stri·

90 1170 123 1218 10
142 1154 287 1237 gosiores
311 1153 449 1218 notabat
467 1176 567 1238 equos
586 1157 619 1218 et
637 1153 833 1218 coloratiora
855 1152 1042 1238 hominum,
1065 1158 1104 1218 ut
1122 1175 1154 1219 er

142 1263 210 1325 ura,
234 1262 378 1325 corpora.

302 1451 349 1504 111.
376 1448 424 1504 DE
444 1448 726 1507 CONSTITUENDO
746 1449 863 1505 STATU
881 1447 995 1503 BELLI.

211 1596 240 1659 1.
258 1594 444 1660 Alexander
453 1595 597 1680 Macedo,
607 1618 679 1661 oum
688 1595 824 1661 haberet
834 1595 1061 1660 uehementem
1071 1617 1155 1660 exer·

143 1683 251 1767 eitum,
266 1705 393 1768 semper
404 1705 477 1748 eum
487 1688 607 1749 statum
621 1685 699 1749 belli
709 1685 816 1769 elegit,
830 1687 868 1747 ut
879 1683 949 1748 acie
958 1684 1156 1770 confligeret

91 1789 124 1838 ro
210 1774 240 1839 2.
264 1771 299 1838 O.
314 1770 435 1838 Caesar
457 1773 544 1838 bello
563 1773 652 1839 ciuili
676 1795 749 1838 oum
767 1776 958 1837 ueteranum
982 1775 1156 1839 exercitum

141 1862 290 1945 haberet,
313 1861 458 1927 hostiurn
478 1866 586 1926 autem
604 1862 745 1927 tironem
764 1883 834 1926 esse
854 1860 965 1944 sciret,
989 1862 1058 1925 acie
1077 1884 1156 1927 sem·

144 1971 201 2034 per
223 1950 387 2016 decertare
411 1951 543 2016 studuit.
1192 2006 1194 2023 .

210 2039 240 2104 3.
268 2038 389 2104 Fabius
413 2037 575 2105 Maximus
601 2040 755 2104 aduersus
778 2037 1012 2121 Hannibalem,
1036 2059 1158 2104 sueces-
1192 2058 1194 2065 ·

143 2128 234 2191 sibus
257 2128 455 2210 proeliorum
477 2129 686 2211 insolentem,
710 2127 858 2193 recedere
877 2127 918 2191 ab
938 2127 1073 2209 ancipiti
1098 2127 1157 2192 dis·

90 2230 124 2278 ιο
144 2215 278 2279 crimine
301 2219 334 2280 et
356 2216 442 2280 tueri
464 2217 691 2282 tantummodo
710 2216 841 2281 Italiam
865 2215 1036 2280 constituit
1055 2213 1157 2281 Onno-

144 2304 325 2387 tatorisque
347 2325 467 2368 nomen
492 2308 524 2368 et
546 2326 604 2389 per
626 2305 688 2369 hoo
712 2305 830 2369 summi
853 2304 944 2369 ducis
968 2305 1097 2369 meruit.

210 2392 240 2457 4.
273 2390 425 2475 Byzantii
457 2392 612 2457 aduersus
640 2392 827 2478 Philippum
856 2415 951 2457 omne
978 2392 1159 2476 proeliandi

144 2479 317 2545 discrimen
340 2481 515 2564 euitantes,
539 2482 660 2546 omissa
679 2481 776 2546 etiam
799 2482 914 2545 finium
933 2482 1050 2564 tutela,
1073 2481 1159 2546 intra

144 2568 341 2634 munitiones
364 2569 477 2653 oppidi
500 2592 535 2634 se
558 2574 749 2655 receperunt
772 2570 976 2653 adsecutique
1006 2572 1097 2654 sunt,
1126 2574 1160 2635 ut

93 2672 126 2722 25
145 2657 316 2742 Philippus
340 2658 552 2724 obsidionalis
576 2681 687 2724 morae
710 2660 874 2743 inpatiens
897 2657 1071 2723 recederet.

211 2746 241 2811 5.
269 2746 456 2812 Hasdrubal
480 2746 635 2832 Gisgonis
658 2748 743 2812 filius
767 2748 907 2813 seeundo
925 2747 1048 2811 Punico
1073 2747 1159 2811 bello

144 2835 179 2898 in
197 2834 359 2919 Hispania
381 2836 505 2901 uictum
528 2837 718 2920 exercitum,
741 2858 813 2901 eum
832 2836 867 2900 P.
883 2833 992 2919 Scipio
1011 2835 1160 2919 instaret,

143 2945 202 3007 per
224 2925 319 2990 urbes
343 2925 467 2990 diuisit:
490 2925 537 2990 ita
558 2926 681 2989 foetum
705 2929 768 3009 est,
791 2928 827 2989 ut
846 2921 971 3007 Scipio,
994 2944 1035 2986 ne
1059 2946 1160 3009 oppu-

144 3014 299 3098 gnatione
317 3015 459 3098 plurium
480 3013 671 3098 oppidorum
690 3013 948 3099 distringeretur,
969 3013 1004 3076 in
1022 3011 1161 3078 hiberna

92 3115 126 3165 30
145 3124 221 3167 suos
244 3102 420 3168 reduceret.

143 3226 357 3237 ———

216 3276 296 3329 best
313 3291 364 3330 our
383 3276 438 3344 ΗΙ
463 3275 595 3345 sitaque
614 3276 654 3346 H,
672 3277 719 3332 sed
737 3277 809 3331 ita'
797 3294 829 3331 sn
846 3292 900 3331 rmus
921 3276 960 3343 tt
981 3273 1084 3330 clausit
1102 3275 1159 3346 Ht

146 3343 307 3398 tiunotum
326 3346 405 3402 Stew.
432 3350 500 3402 tuno
519 3348 554 3401 Η
557 3348 585 3401 Ρ

217 3421 250 3470 16
269 3415 441 3471 tironem-
462 3417 571 3472 studuit
589 3435 639 3474 om
659 3418 728 3487 H¹t
754 3423 787 3471 18
806 3417 914 3473 marius
933 3416 978 3470 ΗἸ
1001 3419 1006 3484 Ι
1031 3421 1065 3470 22
1087 3415 1163 3471 omni

143 3505 170 3556 p.
186 3486 346 3543 discrimine
361 3488 485 3544 uitantes
499 3488 570 3556 ΗΡ
588 3507 635 3545 em.
651 3490 710 3544 edd
728 3489 783 3560 124
802 3507 831 3544 se
847 3490 880 3543 H
894 3504 1027 3557 superam.
1045 3491 1100 3550 [25
1116 3504 1161 3543 ro-

144 3559 387 3632 maeleP]
406 3558 489 3632 pls(
473 3530 684 3627 (tresderelttt.
703 3560 950 3623 erasuesuat¹ffl
972 3557 1165 3629 phpraeP
