2400 3944
144 191 208 256 134
344 191 419 246 IULI
437 190 614 246 FRONTINI
633 188 958 246 STRATEGEMATON

142 376 259 439 equum
290 357 322 417 et
338 353 495 419 'laborem
530 376 625 419 suum
652 353 687 418 in
714 353 897 417 necessaria
925 353 999 418 duci
1030 375 1145 418 munera

141 446 329 507 reseruaret.

210 532 239 596 3.
273 530 473 613 Alexander,
496 553 569 596 curn
591 531 698 595 hicme
722 529 851 595 duceret
875 530 1062 613 exercitum,
1083 530 1148 594 resi·

141 620 220 685 dens
245 619 285 684 ad
308 619 419 705 ignem
442 639 673 703 recognoscere
698 617 934 702 praetereuntis
958 619 1069 704 copias
1091 639 1149 684 coe

106 708 204 792 opit;
229 730 365 793 cumque
389 709 611 793 conspexisset
634 707 794 791 quendam
818 727 918 790 prope
943 709 1150 772 exanimatum

141 797 282 880 frigore,
315 797 481 862 considere
512 797 584 862 loco
617 817 675 861 suo
706 796 802 860 iussit
824 794 970 880 dixitque
995 797 1037 861 ei:
1066 795 1151 861 ‘siin

140 885 249 950 Persis
268 891 364 950 natus
384 907 480 967 esses,
502 885 537 949 in
556 884 648 970 regia
666 884 748 948 sella
770 883 929 948 resedisse
951 885 1015 949 tibi
1040 885 1151 970 capital

140 974 240 1054 foret,
264 974 298 1038 in
322 973 513 1039 Macedonia
535 977 613 1038 nato
637 970 843 1037 conceditur?

208 1064 239 1128 4.
272 1061 376 1126 Diuus
413 1062 583 1146 Augustus
615 1059 852 1146 Vespasianus,
889 1082 963 1125 curn
999 1061 1150 1146 quendam

90 1166 123 1216 10
142 1150 380 1216 adulescentem
403 1151 541 1216 honeste
563 1154 693 1234 natum,
721 1148 858 1214 militiae
880 1148 1078 1234 inhabilem,
1104 1172 1150 1215 an·

142 1239 326 1325 gustiarum
344 1240 392 1303 rei
410 1239 583 1304 familiaris
603 1260 701 1304 causa
720 1237 892 1303 deductum
915 1236 956 1302 ad
979 1239 1150 1324 longiorem

142 1326 288 1393 ordinem
314 1327 478 1410 rescisset,
508 1349 607 1393 censu
635 1328 813 1393 constituto
840 1327 982 1391 honesta
1005 1328 1150 1394 missione

142 1416 374 1481 exauctorauit

406 1624 467 1680 VII.
495 1625 542 1680 DE
562 1624 686 1680 VARIIS
706 1622 889 1680 CONSILIIS.

89 1784 121 1834 15
208 1770 236 1833 1.
269 1767 303 1835 Ο.
319 1766 439 1834 ansar
462 1769 590 1835 dicebat
613 1769 700 1834 idem
724 1769 788 1833 sibi
812 1790 883 1833 esse
906 1770 1081 1836 consilium
1102 1769 1145 1834 ad·

140 1878 253 1922 uersus
283 1859 429 1942 hostem,
461 1859 547 1943 quod
577 1859 740 1943 plerisque
774 1857 906 1923 medicis
935 1863 1049 1924 contra
1076 1858 1145 1924 uitia

140 1967 325 2030 corporum,
348 1947 435 2010 fame
458 1947 568 2030 potius
593 1969 689 2032 quam
711 1946 799 2012 ferro
824 1947 1007 2030 superandi.
1188 1990 1190 1999 ι

206 2036 237 2099 2.
267 2035 432 2100 Domitius
470 2034 612 2101 Corbulo
650 2035 785 2100 dolabra
822 2035 868 2115 [id
905 2039 956 2100 est
990 2035 1142 2120 operibus]
1188 2066 1190 2073 ·

139 2123 267 2187 hostem
290 2124 485 2189 uincendum
508 2145 578 2188 esse
602 2123 738 2188 dicebat

87 2226 122 2276 10
208 2213 236 2277 3.
268 2211 303 2276 L.
335 2211 455 2277 Paulus
486 2213 717 2296 imperatorem
750 2233 861 2276 senem
897 2212 1042 2277 moribus
1075 2212 1144 2277 dice·

140 2298 200 2363 bat
232 2322 301 2364 esse
332 2305 495 2384 oportere,
523 2301 711 2386 significans
743 2301 963 2366 moderatiore
993 2299 1144 2387 sequenda

140 2388 285 2453 consilia.

206 2477 238 2541 4.
266 2475 375 2559 Scipio
390 2475 563 2542 Africanus
583 2477 685 2541 fertur
703 2476 832 2561 dixisse,
855 2499 1021 2543 cumeum
1041 2497 1145 2563 perun

141 2564 273 2647 quidam
300 2584 480 2649 pugnacem
509 2567 665 2630 dicerent:
698 2565 940 2650 ‘imperatorem
968 2589 1020 2632 me
1045 2571 1146 2647 mater,

86 2665 121 2716 25
139 2673 206 2716 non
229 2652 422 2718 bellatorem
445 2654 592 2738 peperit?

182 2741 236 2806 χ5.
270 2739 304 2806 0.
332 2741 454 2807 Marius
483 2743 629 2808 Teutono
660 2743 853 2827 prouocanti
884 2765 957 2808 eum
985 2747 1019 2808 et
1046 2747 1148 2829 posto·

139 2830 237 2914 lenti,
260 2834 297 2895 ut
321 2831 481 2915 prodiret,
503 2831 686 2916 respondit,
714 2831 742 2895 si
765 2832 898 2915 cupidus
922 2832 1037 2897 mortis
1062 2836 1149 2914 esset,

212 2992 226 3040 1
247 3002 348 3055 equom
363 2987 389 3042 G
405 2991 409 3055 Ι
426 2993 443 3041 4
461 2989 654 3057 pretereuntes
673 2988 708 3042 H
720 2989 725 3056 1
746 2994 761 3043 1
780 2988 887 3042 redisse
907 2988 953 3056 ΡΙ
974 2988 1097 3059 capitale
1114 2988 1149 3060 dl

140 3063 156 3111 8
176 3056 357 3112 concenditur
376 3062 420 3124 (ce
434 3075 467 3113 ex
480 3061 509 3112 te
525 3058 562 3126 G)
578 3058 657 3113 6111
674 3061 678 3128 Ι
699 3065 715 3112 0
734 3057 931 3129 nespassianus
945 3059 1015 3129 11²1
1037 3066 1071 3114 10
1091 3059 1152 3115 ado·

138 3127 403 3256 le2scentemhtld11
425 3147 510 3183 causa
528 3130 556 3183 P
576 3146 674 3184 causae
693 3130 741 3184 Gt
764 3147 847 3185 cause
866 3130 901 3184 H
906 3130 935 3199 1Ι
955 3131 1089 3186 eductum
1108 3130 1152 3202 Pl

141 3204 155 3251 1
192 3216 323 3254 rerecrsse

213 3275 247 3323 14
266 3268 357 3342 dem!
374 3272 515 3342 (quattuor
534 3273 586 3327 litt.
605 3278 710 3340 macae)
728 3271 763 3326 H
781 3274 786 3340 Ι
809 3276 842 3326 16
862 3270 925 3326 dd
946 3270 977 3329 T.
993 3271 1089 3327 01112
1113 3274 1155 3329 Ti·

141 3342 187 3393 tus
207 3339 254 3407 Gt
278 3347 310 3396 17
329 3343 402 3397 ferre
423 3343 469 3409 G!
490 3341 640 3412 superandi
657 3344 676 3397 d
699 3343 831 3412 sperandi
846 3342 988 3409 0611121
1012 3348 1047 3398 18
1065 3343 1098 3399 id
1116 3346 1157 3399 est

141 3409 273 3490 pperibus
290 3413 422 3480 ploesemo
439 3429 493 3468 esse
511 3415 584 3469 uidit
600 3413 685 3468 Oud:
703 3414 738 3480 cf.
753 3415 843 3482 praef.
863 3413 953 3486 §131
974 3414 1004 3468 id
1023 3416 1068 3470 est
1083 3415 1157 3472 ΘΗι

140 3480 253 3535 rdcmt
279 3481 325 3536 ide
342 3484 370 3537 P
397 3486 402 3551 Ι
432 3489 466 3538 20
485 3500 579 3538 senem
602 3485 720 3555 011161
745 3491 779 3540 23
799 3485 948 3540 affricanus
970 3483 997 3539 G
1016 3487 1020 3555 Ι
1041 3486 1158 3554 qnidam

139 3567 238 3619 parum
258 3552 277 3608 d
292 3553 297 3621 Ι
317 3558 351 3608 26
369 3555 487 3609 teutnon
501 3555 537 3609 Η
