2400 3944
408 183 519 241 LIBER
535 185 570 241 II.
600 185 678 242 CAP.
697 192 774 244 8-e.
1051 187 1094 253 79

73 345 301 413 Mithridatico
319 347 419 413 ductu
438 347 606 432 Archelai,
629 350 743 416 stricto
767 351 876 437 gladio
895 350 930 415 in
953 351 1093 435 primam

74 438 177 503 aciem
206 437 408 521 procucurrit
436 437 669 523 appellansque
697 439 818 504 milites
846 438 940 522 dixit,
968 441 1092 525 siquis

74 525 266 611 quaesisset,
290 526 345 591 ubi
367 526 599 610 imperatorem
618 527 836 613 reliquissent,
858 529 1093 613 responderent

73 616 275 701 pugnantem
294 614 329 678 in
347 613 499 680 Boeotia:
522 616 613 681 cuins
636 617 683 680 rei
707 616 829 701 pudore
851 618 996 682 uniuersi
1019 640 1092 685 eum

73 703 178 769 secuti
204 705 289 769 sunt.
1111 725 1127 773 5

141 792 194 858 13.
231 789 335 857 Diuus
367 791 469 857 Iulius
506 791 547 857 ad
578 791 734 858 Mundam
765 793 982 858 referentibus
1025 796 1091 860 suis

69 882 189 968 pedem
222 902 339 966 equum
367 903 461 945 suum
490 881 606 947 abduci
636 905 655 947 a
683 887 859 966 conspectu
881 881 978 946 iussit
1001 887 1034 947 et
1057 884 1092 948 in

67 971 212 1055 primam
233 969 337 1035 aciem
354 970 452 1054 pedes
470 971 637 1054 prosiluit:
660 971 796 1055 milites,
820 971 897 1035 dum
916 971 1091 1037 destituere

68 1060 303 1143 imperatorem
324 1058 532 1140 erubescunt,
555 1059 859 1144 redintegrauernnt
882 1060 1051 1144 proelium.

142 1148 195 1213 14.
225 1146 396 1232 Philippus
419 1147 557 1228 ueritus,
580 1169 621 1212 ne
644 1147 802 1232 impetum
822 1147 1017 1234 Scytharum
1041 1150 1144 1218 sni10

68 1258 139 1302 non
167 1236 377 1315 sustinerent,
406 1235 613 1305 fidelissimos
641 1237 785 1320 equitum
813 1261 833 1303 a
859 1243 953 1324 tergo
982 1239 1091 1323 posuit

68 1325 315 1411 praecepitque,
341 1347 383 1390 ne
411 1347 506 1410 quem
535 1326 790 1392 commilitonum
818 1349 859 1392 ex
886 1328 955 1393 acie
978 1328 1090 1413 fugere

68 1417 277 1500 paterentur,
304 1415 567 1498 perseuerantius
597 1415 754 1482 abeuntes
777 1417 996 1483 trucidarent:
1027 1439 1091 1501 qua

69 1594 143 1658 lent
176 1592 218 1657 ab
251 1592 402 1659 hostfens
435 1614 532 1677 quam
564 1594 605 1658 ab
634 1593 700 1658 suis
733 1594 885 1678 interfici,
918 1594 1089 1660 uictoriam
1111 1610 1143 1660 15

71 1680 261 1766 adquisinit.

231 1890 279 1945 Du
298 1890 359 1946 Hls
379 1890 587 1957 11111Ρο11
606 1890 794 1946 PROELIUM
811 1890 930 1948 FIUNT.

70 1978 161 2034 VIIII.
186 1979 219 2034 sl
236 1979 306 2037 RES
325 1980 513 2037 PROSPERH
533 1979 715 2050 cassatur,
735 1981 783 2035 DE
798 1979 1089 2036 OONSUMMANDIS

425 2069 607 2136 RHLIQUIIS
625 2069 742 2125 Bucar.

142 2215 171 2279 1.
209 2211 244 2280 (1.
270 2213 408 2298 Marius,
440 2215 537 2280 uictis
569 2215 694 2299 proelio
727 2214 896 2298 Teutonis,
932 2214 1088 2298 reliquias
1108 2232 1141 2282 1ο

70 2324 199 2385 eorum,
224 2304 300 2387 quia
322 2325 387 2369 nox
409 2304 643 2388 internenerat,
671 2304 921 2388 circumsedens,
949 2302 1088 2368 sublatis

72 2391 209 2458 subinde
237 2393 435 2458 clamoribus
463 2414 521 2476 per
548 2415 668 2476 paucos
698 2415 829 2459 suorum
852 2392 1019 2457 territauit
1041 2393 1088 2456 in·

72 2501 285 2564 somnemque
308 2480 437 2547 hostem
460 2482 611 2565 detinuit,
639 2505 678 2547 ex
701 2504 738 2548 ec
763 2482 949 2566 adsecutus,
971 2487 1009 2547 ut
1031 2503 1088 2565 po-

72 2573 161 2634 stero
185 2569 236 2633 die
259 2570 475 2655 inrequietum
498 2571 628 2636 facilius
651 2571 836 2636 debellaret.

139 2658 171 2723 2.
199 2655 352 2724 Claudius
376 2657 478 2743 Nero,
502 2661 599 2725 uictis
622 2658 753 2744 Poenis,
777 2681 859 2745 ques
882 2658 1088 2725 Hasdrubale
1107 2674 1141 2724 25

71 2748 152 2812 duce
176 2746 211 2811 in
228 2747 361 2812 Italiam
381 2770 418 2812 ex
437 2747 599 2832 Hispania
622 2750 809 2814 traicientes
834 2752 1012 2833 exceperat,
1036 2769 1088 2812 ca·

71 2840 133 2919 put
147 2833 365 2903 Hasdrubalis
380 2837 414 2901 in
428 2841 536 2903 castra
550 2837 745 2903 Hannibalis
760 2838 867 2903 eiecit:
887 2859 950 2922 quo
965 2837 1088 2901 factum

71 2929 136 3006 eet,
168 2927 206 2988 ut
236 2929 268 2988 et
298 2924 464 2991 Hannibal
491 2927 581 2992 luctu
611 2929 700 3007 [nam
723 2926 825 2991 frater
848 2926 973 2990 occisus
1003 2927 1087 3006 erat]

146 3070 160 3119 1
179 3063 381 3120 mitridaticot
397 3064 552 3120 mitridatio
567 3066 611 3121 H¹
631 3065 791 3120 mitridaieo
805 3064 833 3118 P
847 3067 851 3131 1
867 3064 1014 3119 archelaus
1030 3063 1064 3119 H

71 3134 362 3206 uresponderuntH
374 3139 378 3204 Ι
394 3142 411 3191 4
430 3135 489 3191 cuis
504 3136 549 3191 H¹
565 3140 601 3205 11
623 3154 724 3208 equum
738 3137 778 3201 H,
795 3137 842 3191 aed
860 3153 908 3190 um
926 3136 1061 3189 iareah

72 3212 105 3263 10
126 3209 268 3276 scytarum
286 3209 321 3262 H
337 3208 469 3263 sciturum
489 3209 585 3276 P11a
605 3208 733 3263 abeuntis
754 3208 782 3260 P

145 3284 178 3332 17
197 3280 309 3333 titulum
327 3280 441 3334 111Ηι
466 3282 470 3350 Ι
499 3281 580 3352 finnt]
601 3279 714 3350 agenda
731 3280 795 3333 sunt
814 3279 833 3332 d
851 3294 884 3332 ea
898 3295 928 3349 p.
949 3281 1005 3346 38,
1025 3282 1061 3333 19

73 3355 105 3405 18
126 3349 275 3405 cessissent
287 3351 305 3405 lc
321 3357 325 3416 Ι
344 3356 376 3405 19
390 3350 506 3420 reliquis
520 3352 559 3418 H,
578 3353 640 3406 item
651 3366 681 3416 p·
701 3355 747 3418 38,
765 3354 804 3405 22
822 3348 824 3421 1
847 3353 881 3404 20
899 3347 1023 3404 maurina
1042 3350 1060 3404 lc

70 3427 104 3475 21
125 3421 350 3476 circumuenerat
363 3422 433 3488 HP,
452 3439 499 3479 em.
517 3421 602 3477 Grou.
627 3422 631 3492 1
657 3427 691 3477 24
709 3422 887 3489 iurequetum
906 3422 941 3475 H
963 3426 967 3488 Ι
997 3427 1031 3476 25
1046 3419 1087 3474 01.
1190 3425 1197 3441 ¹

71 3493 154 3562 ΗΡΙ
171 3491 334 3547 hastrubale
348 3494 400 3560 Hl
421 3499 455 3546 26
474 3492 503 3547 in
521 3492 604 3548 italia
618 3494 652 3548 H
656 3495 696 3561 P,
715 3495 817 3548 carad
837 3493 841 3564 1
862 3498 895 3548 27
915 3490 1087 3549 hastrubalis

70 3565 106 3617 H
133 3567 138 3632 Ι
168 3568 203 3618 28
221 3579 288 3617 nam
308 3563 1088 3636 -1111111,011111111119111111111111111
