2400 3944
362 193 494 250 'LIBER
510 194 544 249 Π.
573 193 649 251 CAP.
668 201 747 250 3-4.
1033 197 1076 261 53

50 359 243 445 equitatum
266 358 302 422 in
325 357 458 422 sinistro
481 379 581 423 cornu
605 379 677 424 oum
701 359 831 424 auxiliis
855 359 1006 425 omnibus
1029 361 1076 426 lo-

52 447 163 531 cauit,
186 451 223 511 ut
244 446 319 511 inde
339 444 501 511 Iulianum
525 447 700 512 exereitum
723 448 916 514 oireumiret.

126 534 293 617 Aduersus
316 534 401 600 hane
424 534 659 601 ordinationem
678 533 712 601 C.
727 533 847 602 Caesar
870 540 904 602 et
925 536 996 622 ipse
1018 538 1076 603 tri-

50 625 139 710 pliei
176 624 243 689 aeis
276 622 442 708 dispositis
475 624 510 689 in
542 624 650 690 fronte
686 625 870 710 legionibus
908 625 1076 691 sinistrum

52 714 155 793 latus,
168 735 210 776 ne
225 712 388 778 eireumiri
401 715 521 797 posset,
536 712 682 779 admouit
700 713 882 797 paludibus.
909 715 944 778 in
962 714 1075 781 dextm
1095 729 1111 781 5

54 823 162 868 eornu
189 801 332 885 equitem
358 801 483 885 posuit,
510 802 561 866 oui
584 802 810 867 uelocissimos
837 802 968 867 miscuit
989 803 1076 887 pedi·

55 895 142 976 tum,
157 889 197 954 ad
212 910 336 955 morem
351 890 508 972 equestris
522 911 651 976 pugnae
666 891 868 956 exercitatos.
892 911 948 955 sex
963 891 1077 956 deinde

18 1036 24 1043 .
55 979 211 1046 cohortes
233 978 268 1043 in
293 977 438 1043 subsidio
461 979 597 1044 retinuit
620 980 661 1045 ad
684 1000 736 1044 res
758 979 884 1044 subitas
908 983 942 1044 et
965 979 1076 1046 dextro

54 1069 161 1144 latere
180 1087 353 1133 conuersas
371 1066 406 1131 in
425 1067 607 1151 obliquum,
630 1066 715 1132 unde
733 1069 913 1151 equitatum
931 1067 1076 1134 hostium

57 1155 283 1241 exspectabat,
312 1155 504 1221 conlocauit.
549 1177 609 1221 neo
636 1156 777 1221 ollares
801 1178 839 1222 eo
864 1156 914 1222 die
937 1158 1012 1242 plus
1036 1157 1075 1222 ad
1096 1174 1130 1225 10

56 1245 234 1311 uictoriam
262 1241 394 1309 Caesari
426 1244 577 1310 eontulit:
611 1244 747 1310 effusum
774 1267 914 1331 namque
941 1245 1078 1330 Pompei

59 1334 243 1418 equitatum
265 1333 435 1417 inopinato
454 1353 590 1398 excursu
609 1336 798 1399 auerterunt
816 1334 1077 1418 caedendumque

55 1421 270 1488 tradiderunt

128 1511 181 1576 23.
208 1509 391 1593 Imperator
414 1505 535 1574 Caesar
557 1508 728 1594 Augustus
753 1509 976 1595 Germanicus,
1004 1533 1077 1577 oum

59 1598 197 1671 subinde
217 1597 327 1664 Chatti
346 1600 494 1680 equestre
517 1599 679 1683 proelium
701 1598 737 1665 in
761 1600 863 1665 siluas
886 1600 1076 1685 refugiendo
1097 1615 1129 1666 11

59 1687 265 1771 deducerent,
284 1685 380 1751 iussit
399 1708 475 1751 suos
495 1686 630 1773 equites,
652 1689 849 1772 simulatque
873 1688 914 1753 ad
931 1688 1077 1773 inpedita

58 1780 194 1844 uentum
222 1779 320 1858 esset,
352 1775 443 1859 equis
472 1775 602 1841 desilire
629 1776 835 1860 pedestrique
862 1797 1077 1861 11311111-

58 1867 187 1952 fligere:
206 1886 270 1950 quo
289 1884 406 1950 genere
421 1868 613 1930 consecutus
628 1865 733 1950 (est),
749 1886 791 1928 ne
810 1864 883 1948 quis
901 1863 967 1929 iam
984 1866 1076 1930 loous

58 1954 232 2021 uictoriam
255 1954 324 2019 eius
348 1956 491 2017 moraret
530 2001 538 2019 .

125 2044 180 2108 24.
211 2039 245 2107 C.
268 2040 431 2120 Dd’ellius,
464 2062 537 2106 oum
568 2040 694 2105 uideret
726 2061 843 2126 graues
872 2062 947 2106 suas
974 2063 1076 2107 naues
1095 2059 1129 2110 ao

57 2132 244 2198 mobilitate
271 2130 412 2195 Punicae
441 2130 554 2195 elassis
582 2129 669 2195 eludi
696 2130 891 2214 inritamque
919 2130 1076 2196 uirtutem

59 2221 203 2285 militum
234 2220 318 2303 fieri,
355 2218 553 2304 excogitauit
584 2241 700 2283 manus
733 2219 868 2285 ferreas:
906 2241 988 2304 quae
1019 2220 1076 2284 ubi

57 2308 214 2375 hostilem
238 2306 475 2393 adprenderant
497 2329 627 2390 nauem,
651 2308 832 2393 superiecto
855 2311 955 2393 ponte
973 2312 1078 2374 trans·

59 2397 268 2484 grediebatur
285 2395 454 2463 Romanus
475 2400 508 2461 et
525 2395 560 2460 in
577 2395 724 2481 ipsorum
746 2397 875 2463 ratibus
897 2398 1076 2462 comminus

59 2508 114 2553 eos
138 2485 333 2551 trucidabat.
1095 2500 1129 2551 ae

241 2658 303 2714 llll.
330 2658 380 2713 DE
398 2657 482 2713 ACIE
499 2657 664 2714 HOSTIUM
682 2657 892 2716 TURBANDA.

128 2790 154 2853 1.
178 2786 328 2872 Papirius
347 2783 468 2851 Cursor
490 2785 578 2850 filius
603 2785 728 2869 consul,
751 2782 824 2851 eum
848 2807 951 2870 aequo
969 2785 1076 2851 Marte

130 2923 1077 2997 5111111Η1ῌΜΙ111111111111111111111ΗΙ7111
1174 2923 1178 2931 '

57 2997 137 3055 Mod.
157 2996 263 3052 subH¹
282 2994 449 3067 1111Ρ18
468 2998 498 3051 et
510 2996 549 3050 D.
560 2995 673 3052 Vossius
691 2994 785 3051 sexH
799 2995 848 3050 sed
859 2995 899 3049 P:
917 2992 1075 3061 1101111.

57 3087 78 3127 a.
99 3073 126 3138 3,
142 3071 261 3125 89-94.
288 3067 365 3122 Plat.
388 3067 484 3137 Pomp.
505 3070 550 3122 69.
577 3066 653 3122 Caes.
671 3071 715 3121 44.
738 3066 863 3136 Appiae.
883 3065 907 3121 b.
926 3081 948 3120 a.
967 3069 1049 3131 176
1070 3064 1075 3137 Ι

56 3146 91 3197 10
106 3156 141 3196 eo
156 3139 215 3210 die]
231 3138 336 3193 cotidie
346 3138 382 3193 H
394 3142 398 3207 Ι
416 3143 447 3192 11
463 3135 595 3192 effectum
610 3137 646 3192 H
658 3139 661 3205 Ι
677 3152 833 3206 namneque
848 3135 892 3190 H¹
908 3135 913 3205 1
930 3141 964 3189 14
976 3135 1075 3190 Domi-

54 3212 151 3268 tianus
169 3210 292 3280 addai!
318 3213 352 3263 11
371 3209 462 3264 eatthi
477 3209 524 3278 ΡΙ
541 3209 671 3278 equester
685 3208 720 3262 H
732 3210 736 3275 Ι
763 3213 795 3262 16
810 3206 894 3261 simul
912 3207 999 3275 utque
1017 3207 1053 3262 H
1070 3208 1075 3280 Ι

57 3288 92 3339 18
111 3281 245 3364 delligere
263 3280 292 3335 P
313 3284 317 3349 Ι
343 3283 387 3337 est
408 3281 497 3350 suppl.
518 3281 538 3335 d
562 3284 566 3344 Ι
590 3280 648 3334 iam
666 3279 767 3333 Hortel
794 3294 850 3333 non
869 3277 935 3332 ΗΡ
961 3277 1076 3335 omnino

57 3354 130 3411 Orod.
149 3353 263 3434 imquus
277 3352 407 3407 Herelius
424 3367 481 3405 non
499 3353 562 3406 eicit
578 3351 655 3406 Mod.
671 3349 676 3422 Ι
692 3349 755 3418 quis
773 3365 830 3404 non
847 3350 979 3419 ploarema
990 3355 1077 3419 putot

55 3425 140 3482 Costa
169 3424 282 3492 iniquus
304 3419 362 3476 iam
380 3421 484 3478 Hortel
503 3423 508 3493 Ι
534 3428 568 3477 19
590 3420 739 3475 miraretur
756 3419 827 3487 ΗΡ,
845 3436 892 3475 em.
912 3419 990 3475 Mod.
1011 3420 1015 3491 Ι
1041 3427 1075 3475 23

55 3493 573 3636 1111111111
586 3495 599 3634 l
615 3490 795 3632 1111
809 3490 876 3632 11
887 3561 1017 3617 Η

124 3609 134 3636 7
217 3607 223 3620 ι
295 3604 313 3619 ¹·
363 3602 369 3616 ⁸
470 3604 476 3617 ·
955 3604 961 3618 ι
