2400 3944
132 187 177 251 40
337 186 412 242 IULI
431 184 606 241 FRONTINI
628 184 952 242 STRATEGEMATON

132 349 309 415 dictatores
338 346 657 433 Carthaginiensium
685 347 803 415 cotidie
836 351 912 414 ante
944 350 1019 433 ipsa
1048 353 1143 417 muni·

133 442 243 503 menta
274 437 496 503 Romanorum
529 436 707 523 dirigerent
744 438 863 521 aciem,
899 439 1019 522 exigua
1053 462 1143 506 manu

131 527 257 593 leuibus
291 526 423 591 adsidue
450 526 584 611 proeliis
614 548 675 611 pro
703 526 793 591 uallo
820 525 1005 593 resistebat
1055 551 1143 615 quan

131 616 396 681 consuetudinem
415 618 644 681 contemnente
662 615 728 679 iam
747 614 873 700 Poeno,
889 615 1027 701 reliquis
1048 619 1143 684 omni·

95 704 191 771 ebus
223 726 281 788 per
308 705 449 790 quietem
477 704 563 769 intra
591 704 713 769 uallum
744 705 962 790 praeparatis,
991 726 1033 770 ex
1062 728 1144 774 more

129 794 268 879 pristino
291 815 364 859 cum
387 793 499 878 paucis
527 793 724 858 sustentauit
749 793 920 859 incursum
945 794 1142 862 aduersario·

128 905 202 948 rum
231 905 269 950 ac
292 883 389 949 solito
418 882 539 947 diutius
568 881 720 947 detinuit:
750 881 865 967 quibus
893 882 1048 968 fatigatis
1076 888 1144 970 post

130 975 257 1037 sextam
284 972 398 1039 horam
427 974 460 1034 et
487 971 553 1035 iam
581 992 616 1035 se
644 971 888 1055 recipientibus,
918 972 979 1052 [et]
1005 993 1083 1038 cum
1103 974 1142 1039 in·

129 1060 201 1125 edia
233 1081 361 1145 quoque
394 1059 599 1143 laborarent,
631 1080 689 1143 per
720 1063 866 1125 recentes
900 1081 987 1125 suos·
1009 1060 1144 1147 hostem,

77 1166 110 1215 10
130 1171 225 1233 quem
248 1148 414 1233 praedicta
435 1148 692 1234 profligauerant
713 1147 932 1232 incommoda,
954 1149 1100 1234 fugauit.

196 1237 226 1303 5.
249 1237 432 1322 Iphicrates
451 1237 673 1321 Atheniensis,
694 1237 770 1321 quia
789 1237 1017 1321 explorauerat
1036 1238 1143 1305 eodem

130 1324 264 1390 adsidue
286 1329 433 1410 tempore
456 1325 568 1391 hostes
592 1326 700 1392 cibum
724 1347 852 1410 capere,
874 1327 1036 1393 maturius
1062 1327 1144 1394 uesci

129 1435 205 1479 suos
237 1415 332 1479 iussit
359 1419 392 1480 et
420 1415 530 1480 eduxit
557 1415 591 1478 iu
620 1413 722 1480 aciem
755 1432 986 1500 egressumque
1018 1416 1145 1483 hostem

128 1503 176 1567 ita
209 1502 360 1585 detinuit,
391 1507 429 1568 ut
456 1504 485 1568 ei
512 1525 615 1588 neque
644 1502 839 1588 confligendi
871 1525 977 1588 neque
1005 1504 1144 1571 abeundi

77 1607 109 1656 15
129 1591 222 1656 daret
258 1592 455 1658 facultatem.
501 1593 655 1658 inclinato
689 1591 802 1656 deinde
834 1592 900 1656 iam
933 1592 986 1657 die
1017 1595 1145 1660 reduxit

130 1702 205 1746 suos
230 1685 263 1745 et
284 1680 497 1747 nihilominus
520 1682 556 1747 in
578 1682 676 1746 armis
699 1681 844 1747 retinuit.
879 1681 1012 1766 fatigati
1036 1681 1144 1749 hostes

128 1792 195 1835 non
218 1771 359 1835 statione
383 1771 488 1855 magis
513 1792 610 1855 quam
628 1769 736 1835 inedia
755 1770 869 1835 statim
889 1771 929 1834 ad
949 1791 1063 1837 curam
1081 1792 1145 1838 cor·

128 1860 216 1942 poris
250 1863 283 1925 et
312 1859 421 1925 cibum
454 1858 647 1962 capiendum
679 1858 930 1924 festinauerunt:
962 1858 1145 1943 Iphicrates

127 1969 239 2012 rursus
279 1949 459 2013 eduxitet
426 1947 704 2032 eritncomposit
677 1946 828 2013 titbcs
803 1950 847 2012 trs
884 1947 1061 2033 adgressus
1098 1953 1146 2015 est

75 2050 108 2100 ιο
128 2040 244 2102 castra.

197 2126 225 2190 6.
257 2125 363 2210 Idem,
395 2147 469 2191 cum
501 2124 656 2190 aduersus
688 2123 962 2191 Lacedaemonios
995 2125 1145 2209 pluribus

128 2213 241 2278 diebus
261 2217 369 2279 castra
387 2213 568 2279 comminus
591 2212 779 2278 haberetet
746 2216 932 2298 etutraque
951 2235 1028 2298 pars
1049 2216 1144 2281 certis

127 2302 330 2385 temporibus
345 2301 478 2367 adsidue
495 2301 688 2386 pabulatum
703 2302 930 2387 lignatumque
944 2304 1145 2388 procederet,

128 2390 269 2474 quodam
288 2391 339 2456 die
357 2390 444 2455 milit
429 2393 499 2455 tum
517 2389 634 2455 habitu
596 2393 763 2456 tuseruos
785 2391 932 2476 lixasque
956 2389 1084 2458 dimisit
1105 2391 1146 2458 ad

73 2494 107 2543 so
127 2500 275 2563 munera,
293 2479 414 2545 milites
432 2479 727 2545 retinuitzetcum
745 2479 858 2545 hostes
878 2480 1017 2564 dispersi
1036 2484 1147 2548 essent

128 2569 169 2633 ad
194 2567 314 2634 similia
336 2589 485 2654 munera,
507 2568 707 2672 expugnauit
729 2572 838 2635 castra
860 2590 972 2635 eorum
990 2569 1145 2636 inermes·

127 2678 188 2739 que
221 2678 295 2722 cum
325 2656 489 2723 fasciculis
519 2658 641 2742 passim
670 2657 711 2723 ad
737 2657 915 2723 tumultum
941 2662 1146 2725 recurrentes

126 2745 222 2811 facile
245 2749 303 2811 aut
325 2746 443 2812 occidit
465 2750 522 2812 aut
545 2747 640 2832 cepit.

195 2836 224 2900 7.
255 2835 431 2922 Verginius
465 2836 578 2901 consul
609 2836 645 2899 in
672 2834 816 2915 Volscis,
848 2857 921 2901 curn
955 2856 1147 2919 procurrere

73 2939 107 2989 30
125 2924 237 2990 hostes
261 2925 359 2991 effuse
383 2947 422 2990 ex
444 2925 626 3010 longinquo
649 2922 801 3008 uidisset,
824 2925 988 3008 quiescere
1012 2947 1090 2992 suos
1109 2946 1146 2991 ac

201 3070 215 3117 1
236 3063 366 3120 ductores
383 3063 453 3119 Ocu.
470 3067 475 3132 Ι
492 3061 761 3132 carthaginiensium
778 3062 905 3129 (ultera
896 3081 907 3116 1
924 3066 1077 3132 repuncta)
1092 3063 1128 3119 H
1141 3063 1145 3135 Ι

125 3135 364 3191 4οοιιιιιοιιιᾶ1ιιιι
382 3135 438 3204 ΗΙ
459 3134 502 3189 5
494 3153 524 3189 ιιι
524 3136 568 3189 ter
524 3133 621 3189 tH
633 3137 638 3200 Ι
664 3135 729 3188 8et
746 3135 836 3190 deleat
854 3152 917 3190 cum
936 3135 966 3189 et
984 3136 1044 3191 edd.
1067 3137 1072 3205 Ι
1098 3151 1147 3189 cu-

125 3206 227 3262 maeda
245 3206 280 3259 H
294 3212 358 3262 cate
376 3222 445 3262 corr
471 3208 476 3275 Ι
502 3203 657 3260 {trecentis
676 3205 721 3271 ΡΙ
749 3211 781 3259 13
803 3209 1006 3276 aggressusque
1024 3206 1082 3289 P}
1113 3210 1147 3260 14

124 3276 250 3331 habendi
268 3275 303 3329 Η
324 3279 329 3343 Ι
361 3282 393 3332 17
412 3275 516 3331 inueda
534 3275 579 3330 Hl
599 3277 603 3342 Ι
629 3282 662 3330 19
681 3293 774 3331 rursus
795 3293 858 3331 suos
877 3275 1002 3332 Eussner
1018 3277 1057 3346 Ι
1047 3292 1147 3332 meon-

125 3349 224 3428 spectu
205 3343 347 3418 usfsfpositi
367 3350 432 3414 (con
450 3349 570 3415 erasum)
589 3346 624 3401 H
645 3348 649 3415 Ι
674 3352 708 3400 23
732 3346 910 3417 ligatumque
928 3347 974 3401 H¹
992 3350 1003 3430 Ι
1033 3353 1069 3404 25
1093 3346 1147 3404 ‹lis-

124 3417 200 3499 persi
219 3419 358 3474 essentd:
376 3420 410 3486 cf.
423 3436 452 3488 p
469 3423 514 3485 42,
523 3421 564 3474 28
587 3417 787 3502 dispersissent
800 3419 835 3472 H
849 3418 969 3489 dispersi
990 3417 1082 3474 issent
1094 3419 1123 3475 P

126 3495 160 3543 26
178 3485 351 3572 inermisque
366 3490 395 3543 P
409 3492 472 3615 lhsso
491 3489 579 3544 effusa
598 3489 643 3557 H,
662 3491 768 3545 correxi
787 3489 889 3543 effusos
903 3489 932 3543 P
946 3494 950 3558 Ι
966 3489 1146 3557 uidisset,

124 3561 171 3615 secl
191 3559 319 3616 altitu
336 3575 390 3616 rus.
