2400 3944
125 191 145 255 6
328 191 404 246 IULI
422 190 599 247 FRONTINI
618 189 940 247 STRATEGEMATON

122 357 238 438 pontes
257 353 394 438 iungunt
412 354 691 439 instrumentaque
708 353 899 438 moliuntur,
919 353 1137 438 quadraginta

123 443 261 526 amplius
295 443 362 507 dies
395 443 621 527 inpenderunt:
654 464 717 528 quo
751 444 856 527 spatio
889 441 1064 508 Ventidius
1098 444 1137 509 ad

122 531 358 596 contrahendas
381 554 459 596 usus
483 535 534 597 est
556 532 665 616 copias
690 531 799 616 eisque
818 531 940 615 triduo,
964 535 1137 616 antequam

121 619 263 685 Parthus
294 620 474 705 adueniret,
505 622 643 704 receptis
676 620 744 685 acie
772 620 946 685 commissa
972 620 1054 685 uicit
1077 621 1137 686 Pa·
1168 702 1170 707 Ι

87 725 235 774 ecorum
259 712 291 773 et
312 709 485 775 interfecit.

191 799 219 862 7.
242 797 461 883 Mithridates,
486 797 752 863 circumuallante
771 797 943 881 Pompeio,
965 797 1081 882 fugam
1105 799 1137 863 in

121 886 306 970 proximum
339 887 424 952 diem
457 887 609 970 moliens,
646 887 743 951 huius
780 887 909 950 consilii
941 887 1138 952 obscurandi

121 997 219 1040 causa
242 975 341 1040 latius
366 978 398 1039 et
420 997 521 1059 usque
545 975 586 1039 ad
605 974 775 1058 adplicitas
799 974 887 1040 hosti
910 975 1013 1040 ualles
1037 977 1138 1059 pabu-

121 1064 222 1147 latus,
252 1064 425 1147 conloquia
448 1085 581 1148 quoque
600 1086 673 1129 cum
696 1063 844 1147 pluribus
868 1064 1064 1129 auertendae
1088 1088 1139 1130 su·

69 1168 102 1217 10
122 1153 276 1235 spicionis
311 1174 407 1217 causa
436 1152 470 1216 in
497 1156 663 1236 posterum
696 1153 818 1217 constit
843 1153 880 1235 t,
912 1152 1003 1237 ignes
1037 1155 1138 1219 etiam

120 1241 356 1324 frequentiores
369 1263 429 1325 per
442 1243 516 1305 tota
530 1245 637 1306 castra
653 1241 725 1306 fieri
739 1242 848 1306 iussit:
867 1240 1008 1306 secunda
1022 1241 1139 1307 deinde

121 1329 235 1413 uigilia
258 1334 387 1413 praeter
409 1330 483 1413 ipsa
505 1329 651 1394 hostium
674 1334 782 1394 castra
806 1350 923 1414 agmen
947 1329 1069 1395 eduxit.

188 1419 215 1483 8.
249 1416 434 1502 Imperator
466 1416 587 1483 Caesar
617 1417 825 1483 Domitianus
856 1418 1025 1504 Augustus
1060 1418 1138 1484 Ger·

120 1507 280 1589 manicus,
307 1527 380 1575 cum
404 1505 596 1590 Germanos,
625 1507 681 1591 qui
708 1507 744 1572 in
772 1507 871 1571 armis
900 1510 1007 1589 erant,
1036 1509 1141 1574 uellet

68 1612 101 1661 15
121 1593 304 1678 opprimere
327 1617 386 1660 nec
409 1595 576 1681 ignoraret
594 1596 717 1660 maiore
741 1596 864 1660 bellum
883 1596 1053 1660 molitione
1078 1597 1139 1662 ini·

119 1687 225 1768 turos,
258 1685 287 1748 si
315 1684 492 1749 aduentum
522 1685 607 1748 tanti
635 1684 724 1749 ducis
757 1684 1031 1768 praesensissent,
1064 1708 1140 1769 pro·

119 1771 253 1837 fectioni
281 1794 358 1837 suae
386 1795 501 1838 census
531 1773 678 1837 obtexuit
705 1772 898 1837 Galliarum:
929 1775 988 1837 sub
1018 1774 1138 1857 quibus

119 1861 287 1946 inopinato
325 1862 411 1928 bello
449 1861 581 1926 adfusus
623 1865 758 1927 contusa
795 1862 977 1926 inmanium
1015 1861 1140 1930 ferocia

119 1951 289 2014 nationum
312 1951 488 2034 prouinciis
513 1951 683 2016 consuluit.
898 2027 901 2031 ¹

65 2055 101 2106 2ο
188 2039 218 2105 9.
233 2038 386 2105 Claudius
396 2038 494 2123 Ner0,
507 2061 580 2104 cum
591 2061 652 2104 ere
662 2039 792 2123 publica
802 2042 888 2103 esset
897 2037 1140 2105 Hasdrubalem

121 2128 292 2211 copiasque
312 2129 394 2211 eius,
413 2132 588 2211 antequam
605 2127 784 2192 Hannibali
801 2127 897 2192 fratri
915 2127 1140 2214 iungerentur,

122 2214 225 2279 excidi
244 2216 427 2300 idcircoque
446 2215 617 2281 festinaret
636 2237 669 2280 se
684 2215 778 2281 Liuio
795 2214 973 2280 Salinatori
992 2216 1140 2302 collegae

121 2325 190 2381 suo,
204 2306 255 2369 cui
274 2305 396 2368 bellum
413 2304 603 2368 mandatum
622 2304 737 2388 fuerat,
755 2327 872 2389 parum
889 2305 992 2368 fidens
1011 2304 1140 2372 uiribus

121 2413 202 2475 quae
221 2393 280 2457 sub
300 2393 371 2475 ipso
391 2397 497 2477 erant,
516 2392 689 2478 adiungere
708 2415 812 2477 neque
831 2398 941 2458 tamen
959 2393 1140 2460 discessum

67 2499 103 2548 as
123 2503 217 2545 suum
237 2483 277 2545 ab
296 2479 495 2563 Hannibale,
518 2481 571 2547 cui
594 2481 762 2566 oppositus
787 2486 869 2566 erat,
892 2483 1006 2547 sentiri
1028 2484 1140 2564 uellet,

122 2570 231 2634 decem
250 2569 343 2634 milia
361 2570 616 2642 fortissimorum
635 2571 777 2635 militum
795 2572 895 2655 elegit
908 2571 1139 2655 praecepitque

122 2659 254 2744 legatis,
274 2680 355 2743 quos
372 2660 589 2745 relinquebat,
609 2663 645 2724 ut
664 2659 794 2724 eaedem
814 2660 972 2724 stationes
991 2659 1141 2745 uigiliae·

123 2769 184 2831 que
207 2751 394 2832 agerentur,
422 2749 560 2842 totidem
588 2751 681 2833 ignes
711 2748 873 2828 arderent,
901 2748 1013 2813 eadem
1035 2748 1139 2816 facies

194 2928 208 2977 1
235 2921 394 2992 operosiore
417 2926 503 2993 ponte
523 2922 606 2978 Saloe.
643 2920 764 2991 iungunt
783 2928 848 2991 post
870 2921 960 2990 ripam
979 2925 1140 2991 traaspomt

127 2993 322 3063 Wacbsmatbl
348 3001 364 3049 2
384 2993 562 3064 inpenderint
580 2992 615 3047 H
630 2998 693 3048 autc
711 2996 800 3062 corat
821 3001 836 3049 d
856 2992 1029 3048 Mithridatis
1047 2994 1082 3049 H
1085 2994 1114 3047 P

122 3069 138 3117 7
158 3065 314 3134 proximam
330 3065 376 3132 ΡΙ
398 3072 414 3120 8
433 3064 584 3135 applicitas
602 3063 678 3119 hosti
694 3063 786 3119 nallos
800 3066 838 3130 d!
857 3070 889 3118 12
909 3066 1001 3119 castra
1019 3081 1069 3120 om.
1084 3066 1120 3120 H

123 3141 188 3205 agffl
207 3136 251 3202 H,
273 3137 320 3191 sed
339 3153 356 3191 a
373 3137 406 3190 ire
423 3152 479 3190 ras.
498 3137 536 3202 ht
563 3138 596 3188 15
615 3134 772 3190 mollitione
791 3135 826 3189 H
843 3136 847 3204 Ι
862 3140 928 3206 post
944 3136 1063 3191 inituros
1081 3153 1139 3192 ras.

123 3212 253 3277 quattuor
276 3207 333 3274 fere
351 3207 402 3261 litt.
422 3205 458 3259 H
484 3209 488 3275 Ι
518 3213 552 3260 16
570 3205 752 3275 profectionis
771 3205 811 3274 (is
830 3223 863 3262 ere
881 3223 911 3262 es
930 3223 998 3262 corr.
1017 3208 1046 3275 b)
1071 3224 1140 3264 suae

124 3294 220 3332 sensus
239 3277 274 3330 H
297 3276 499 3346 profectionem
527 3294 605 3332 suam
629 3293 712 3332 sensu
730 3276 770 3343 P,
788 3295 836 3332 em.
856 3278 950 3344 Mod.;
975 3278 1009 3346 cf.
1031 3281 1112 3348 12,2
1134 3279 1138 3351 l

124 3354 158 3403 17
173 3347 282 3403 obtexit
299 3349 319 3402 d
334 3349 338 3416 Ι
355 3348 406 3402 sub
426 3347 539 3418 quibus]
559 3347 667 3403 subitus
686 3348 815 3404 Herelius
833 3350 892 3405 coll.
906 3352 937 3415 2,
950 3354 977 3415 3,
992 3353 1027 3403 14
1045 3349 1140 3404 subito

122 3419 249 3474 hostibus
263 3418 333 3474 Ded.
360 3420 364 3487 Ι
396 3425 427 3474 19
447 3419 597 3489 prouintiis
616 3419 652 3473 H
669 3421 673 3488 Ι
696 3425 730 3474 20
749 3423 815 3491 orep
833 3421 883 3474 eet
896 3420 933 3474 H
954 3423 1069 3489 cuperet
1086 3419 1115 3474 P

124 3495 156 3544 21
176 3488 258 3544 fratri
276 3520 310 3530 —
328 3489 410 3547 Liuio
429 3491 464 3544 H
482 3492 514 3545 ia
535 3507 592 3545 raa.
618 3490 622 3562 Ι
647 3490 809 3573 iungeretur
828 3491 847 3544 d
871 3490 876 3562 Ι
907 3496 940 3545 26
965 3491 1072 3562 delegit
1089 3491 1108 3546 d

123 3567 158 3616 27
177 3562 288 3616 easdem
308 3562 343 3617 H
360 3562 364 3633 1
390 3561 520 3618 stationis
539 3561 606 3631 H¹l
629 3561 745 3632 uigihae
764 3578 853 3631 aeque
872 3562 918 3632 ΡΙ
943 3567 978 3618 28
1001 3560 1076 3633 ignis
1095 3562 1131 3618 H
