2400 3944
462 822 562 897 rum
589 822 825 898 uuouunu

287 1016 1012 1119 STRATEGEMATON

480 1233 604 1294 LIBER
626 1233 807 1295 TERTIUS.

207 1420 241 1489 Si
268 1422 395 1507 priores
423 1422 500 1487 libri
522 1423 760 1510 responderunt
781 1424 887 1490 tltulis
911 1425 981 1491 suis
1006 1430 1042 1493 et
1062 1426 1146 1511 lecta

103 1531 119 1582 s
139 1533 208 1577 rem
228 1513 393 1594 hucusque
412 1533 485 1577 cum
505 1513 683 1579 attentione
701 1513 936 1600 perduxerunt,
959 1514 1058 1582 edem
1075 1536 1147 1583 nunc

138 1602 226 1669 eirca
250 1601 511 1689 oppugnationes
538 1601 669 1668 urbium
693 1602 963 1688 defensionesque
983 1608 1146 1688 crpumpts

138 1712 230 1771 ματα.
258 1712 316 1756 nee
335 1690 486 1757 morabor
504 1691 574 1756 ulla
592 1691 846 1777 praelocutione,
863 1692 952 1776 prius
975 1695 1147 1761 traditurus

138 1802 219 1866 quae
248 1779 473 1866 oppugnandis
500 1779 635 1845 urbibus
662 1780 738 1846 usui
765 1784 854 1866 sunt,
885 1785 957 1847 tum
990 1805 1076 1868 quae
1102 1784 1148 1850 ob

138 1889 246 1934 sessos
269 1870 429 1934 instruere
452 1869 589 1952 possint.

86 1975 120 2027 10
205 1956 374 2042 Depositis
403 1962 512 2023 autem
539 1956 691 2041 operibus
715 1960 749 2023 at
770 1957 1061 2050 machinamentis,
1084 1983 1150 2048 quo

138 2070 210 2113 rum
230 2046 360 2132 explete
378 2047 444 2111 iam
463 2045 587 2132 pridem
606 2046 794 2112 inuentione
811 2047 940 2114 nullam
958 2048 1060 2117 uideo
1075 2052 1152 2117 ultra

139 2137 259 2203 artium
291 2136 479 2220 materiam,
515 2134 575 2201 has
608 2135 694 2201 circa
725 2136 1001 2222 expugnationem
1035 2140 1151 2227 speeies

138 2224 406 2304 ετρατηγημάτων
430 2224 579 2289 fecimus:

277 2312 302 2379 Ι.
326 2312 375 2378 De
398 2313 566 2396 repentino
590 2312 722 2397 impetn.

85 2417 120 2468 15
260 2400 303 2465 II.
326 2400 376 2466 De
398 2400 550 2466 fallendis
573 2401 639 2485 his,
662 2402 717 2486 qui
740 2401 983 2469 obsidebuntur.

244 2487 303 2556 ΠΙ.
326 2488 376 2554 De
400 2489 567 2556 eliciendis
591 2490 631 2556 ad
654 2490 881 2575 proditionem.

227 2574 303 2643 ῙΠΙ.
326 2576 388 2644 Per
411 2601 492 2665 quae
515 2579 627 2644 hostes
651 2579 691 2644 ad
713 2579 858 2665 inopiam
881 2580 1084 2668 redigantur.

262 2666 303 2734 V.
327 2667 605 2745 Quemadmodum
619 2668 862 2755 persuadeatur,
872 2669 1081 2738 obsidionem
1087 2695 1152 2759 per·

350 2778 545 2822 mansuram.

211 2950 406 3005 reseruemus.
417 2947 875 3005 H1Pueonu10uuouuou1s
886 2949 1154 3010 mammenus

136 3019 414 3076 iunueuouuiui
425 3018 744 3075 suasmeeunuou
756 3020 1155 3093 (reassumendum

139 3109 180 3165 .Π.
199 3108 339 3166 EXPLIO.
359 3108 497 3164 INCIPIT
516 3106 627 3163 LIBER
644 3107 799 3166 TERTIUS
816 3111 876 3178 (sed
888 3109 929 3163 III
942 3111 972 3179 le)
987 3113 1058 3184 tPl
1077 3121 1097 3170 4
1113 3133 1154 3171 re-

138 3181 311 3247 sponderunt
329 3183 360 3247 (u
378 3197 412 3236 ec
430 3183 458 3247 e)
478 3180 513 3235 H
529 3180 533 3251 Ι
556 3185 572 3234 ὅ
592 3181 689 3235 sedam
709 3181 738 3234 P
756 3182 760 3252 l
785 3187 802 3236 6
822 3181 1068 3253 defensionisquae
1086 3186 1153 3257 H¹l

137 3252 340 3318 strategemata
357 3250 424 3306 ΗΡ
445 3256 450 3320 1
480 3256 497 3306 8
514 3254 575 3306 tum
595 3253 614 3306 d
631 3253 699 3307 tunc
720 3250 786 3307 GH
789 3252 817 3306 P
840 3255 845 3322 Ι
870 3254 996 3323 epossit
1011 3253 1080 3311 GH
1093 3273 1156 3328 pos·

136 3321 238 3375 suntd
260 3322 265 3390 l
296 3327 329 3376 13
348 3324 570 3390 strategemeton
588 3322 622 3377 Η
626 3323 655 3378 Ρ
675 3327 679 3394 i
706 3329 739 3378 14
756 3324 873 3379 indecem
891 3328 974 3390 (14-
990 3343 1018 3395 p.
1040 3330 1154 3396 8218)

136 3391 224 3447 om.G
239 3393 244 3460 Ι
263 3394 295 3445 15
314 3391 349 3446 iis
366 3393 412 3462 ΡΙ
433 3392 633 3449 obsidebantur
651 3393 696 3449 H¹
715 3392 879 3450 obsidentur
896 3396 935 3465 dl
957 3402 991 3451 1⁶
1010 3397 1155 3469 elegendis

136 3462 188 3534 Hl
212 3468 245 3517 18
263 3476 473 3530 permansuram
491 3464 536 3519 Η1
