2400 3944
406 185 517 242 amaa
534 184 569 242 n.
598 185 674 243 ose.
695 192 721 243 o.
1033 191 1074 256 81

53 349 205 415 insidias.
242 370 379 434 quarum
402 352 492 414 metu
514 349 563 413 illi
587 350 908 431 [oon]oontinuerunt
932 374 966 417 se
989 353 1077 420 intra

54 442 180 504 castra:
204 435 433 503 Hermocrates
457 438 605 503 detentos
630 460 685 504 eos
709 444 840 524 postero
862 440 914 506 die
936 441 1076 509 habilio-

54 527 148 594 ribus
171 527 238 592 iam
262 525 330 592 suis
352 527 490 592 tradidit
512 525 698 612 bellumque
722 529 869 594 confecit.

126 616 156 682 8.
179 613 354 699 Miltiades,
372 637 446 681 cum
464 616 632 701 ingentem
645 616 818 683 Persarum
832 619 1076 685 multitudinem

57 703 146 789 apud
172 702 371 770 Marathona
397 703 549 790 fudisset,
577 703 792 771 Athenienses
821 707 906 772 circa
926 709 1076 793 ,gratulat
1095 727 1117 776 c,

58 795 186 859 tionem
204 793 362 858 morantis
376 793 543 878 compulit,
559 797 598 859 ut
615 793 812 860 festinarent
831 795 872 860 ad
891 817 984 881 opem
1003 797 1077 861 urbi

57 881 243 966 ferendam,
274 903 372 967 quam
404 881 519 947 elassis
552 881 725 949 Persarum
757 883 904 968 petebat:
941 906 1077 970 cumque

58 970 335 1056 praecucurrisset
361 971 580 1056 inplessetque
613 972 743 1037 moenia
770 973 917 1058 armatis,
951 971 1077 1058 Persae,

10 1094 16 1105 ·
58 1061 124 1126 rati
160 1059 328 1146 ingentem
362 1080 531 1125 numerum
564 1081 634 1126 esse
666 1060 915 1127 Atheniensium
947 1066 981 1127 et
1012 1063 1076 1129 alio

10 1152 17 1219 ·]
58 1149 164 1214 milite
193 1148 278 1232 apud
305 1147 502 1214 Marathona
528 1151 723 1234 pugnatum,
755 1149 855 1216 alium
887 1173 947 1238 pro
975 1153 1076 1217 muris
1098 1171 1131 1221 10

10 1268 18 1329 Ξ
58 1239 128 1303 suis
166 1237 305 1322 opponi,
341 1237 548 1304 circumactis
586 1239 748 1325 extemplo
784 1240 923 1306 nauibus
960 1241 1078 1307 Asiam

10 1334 18 1407 ᾗ
58 1325 269 1412 repetierunt.

12 1470 16 1477 .
127 1415 159 1480 9.
188 1413 381 1480 Pisistratus
405 1414 630 1500 Atheniensis,
658 1438 732 1482 cum
761 1419 941 1502 excepisset
966 1417 1077 1503 Mega·

12 1510 19 1585 ζ
59 1505 204 1570 rensium
232 1504 384 1589 classem,
403 1526 477 1656 gua
499 1504 549 1568 illi
573 1503 613 1569 ad
635 1503 769 1570 Eleusin
792 1510 892 1572 noctu
915 1507 1077 1592 adplicue-

10 1608 21 1665 ὲ
59 1596 150 1678 rant,
171 1596 209 1657 ut
232 1595 383 1677 operatas
431 1593 530 1658 ereris
554 1614 646 1660 sacro
669 1594 809 1660 feminas
828 1594 1079 1660 Atheniensium
1099 1612 1131 1662 15

10 1738 17 1773 ,
59 1684 231 1767 raperent,
262 1702 444 1768 magnaque
477 1680 567 1747 edita
597 1682 694 1748 caede
727 1705 837 1748 eorum
869 1684 959 1749 ultus
992 1688 1079 1749 esset

60 1792 154 1852 suos,
182 1769 296 1834 eadem
324 1790 413 1858 quae
433 1775 565 1856 ceperat
591 1771 726 1855 nauigia
753 1770 948 1846 Atheniensi
975 1772 1078 1838 milite

58 1858 252 1946 compleuit,
280 1858 474 1944 quibusdam
496 1859 654 1924 matronis
677 1859 794 1925 habitu
817 1861 1020 1944 captiuorum
1044 1861 1079 1926 in

59 1952 238 2034 conspeetu
260 1947 392 2013 locatis:
423 1971 487 2033 qua
508 1947 592 2013 facie
616 1949 742 2033 decepti
764 1946 973 2033 Megarenses
996 1954 1079 2015 tam·
1148 2007 1151 2014 .

59 2060 160 2127 quam
183 2037 251 2102 suis
270 2040 395 2102 etcum
414 2058 564 2103 successu
582 2037 850 2123 renauigantibus
871 2038 970 2103 effuse
989 2038 1078 2104 obuii
1096 2056 1131 2105 20

58 2126 267 2210 inermesque
289 2147 401 2191 rursus
424 2126 573 2210 oppressi
595 2129 679 2192 sunt.

131 2216 181 2281 10.
212 2212 328 2280 Cimon
351 2215 414 2280 dux
438 2213 702 2300 Atheniensium,
729 2216 818 2281 uicta
841 2215 943 2281 classe
966 2214 1078 2280 Persa-

58 2302 1078 2460 33333333333333333333333333333333333333

59 2481 154 2566 gauit
176 2481 211 2546 in
229 2479 456 2565 Pamphyliam
475 2481 560 2566 apud
583 2482 703 2547 flumen
721 2482 976 2568 Eurymedonta.
1007 2482 1080 2547 Per·
1098 2500 1132 2548 ao

60 2591 131 2650 sae,
158 2570 213 2653 qui
236 2573 270 2634 et
292 2570 427 2654 nauigia
450 2575 483 2635 et
506 2570 654 2636 habitum
679 2573 933 2656 superstantium
958 2572 1080 2657 adgno-

60 2658 307 2744 scerent,·nihil
330 2664 498 2725 cauerunt:
522 2659 632 2725 subito
655 2660 767 2745 itaque
788 2661 937 2745 oppressi
964 2660 1078 2726 eodem

58 2748 114 2814 die
138 2751 170 2812 et
192 2747 302 2812 nauali
325 2753 358 2812 et
379 2747 522 2832 pedestri
545 2749 670 2833 proelio
693 2750 773 2815 uicti
797 2753 882 2814 sunt.

60 2873 278 2886 *-

134 2929 148 2977 1
169 2939 223 2977 con
236 2923 271 2977 H
287 2939 350 2976 cum
367 2923 402 2990 P,
420 2923 471 2978 dei.
482 2923 603 2978 Hedicke
619 2925 623 2991 Ι
639 2924 724 2978 uerbo
743 2922 941 2977 continuerunt
956 2952 989 2961 -
1004 2921 1076 2976 uicti

59 2996 129 3050 sunt
147 3001 185 3063 (p.
204 2997 254 3060 81,
271 2997 324 3061 28)
346 2995 378 3048 ic
400 2995 579 3062 editionibus,
598 3000 629 3049 ut
647 2996 679 3048 iu
697 2995 849 3060 codicibus,
868 2994 1029 3048 cutibeatur
1054 2998 1080 3063 4,

60 3071 89 3134 7,
107 3068 233 3122 42-45.·
253 3065 318 3119 huic
336 3066 423 3135 capiti
441 3082 473 3119 ea
490 3067 610 3120 restituit
624 3066 755 3133 Hedicke,
773 3067 808 3132 cf.
819 3066 910 3134 praes.
959 3071 975 3120 1
993 3068 997 3129 1
1014 3080 1080 3119 con·

58 3137 187 3193 tinerent
205 3135 250 3206 ΡΙ
266 3135 296 3190 in
319 3135 364 3190 H¹
380 3140 384 3204 Ι
400 3141 417 3189 4
436 3135 581 3191 Mileiades
600 3136 686 3205 ΗΡ,
703 3141 719 3190 5
736 3138 904 3192 marothona
971 3138 1080 3204 lemo-

59 3208 189 3263 rantesh
205 3210 209 3275 Ι
226 3214 241 3262 '1
255 3207 400 3262 ferendum
414 3207 458 3261 Hl
474 3210 479 3275 Ι
496 3207 597 3262 clausis
612 3208 657 3261 H¹
673 3207 676 3278 l
698 3214 714 3262 8
733 3207 971 3277 praecucurrisset
990 3209 1080 3276 (prae-

60 3277 196 3334 currisset
213 3280 243 3347 h)
261 3295 333 3347 quae
351 3280 463 3334 moenia
481 3278 547 3334 GH
569 3282 573 3346 Ι
605 3284 637 3333 10
656 3279 822 3333 marathona
836 3279 883 3346 H,
902 3280 949 3333 sed
966 3280 1081 3348 uirpulu

61 3351 159 3406 leuiter
168 3365 235 3405 roeo
250 3353 255 3416 Ι
273 3355 304 3403 11
316 3349 518 3420 exemploGH
530 3354 534 3419 Ι
553 3356 586 3404 13
601 3348 779 3404 athenienses
794 3349 868 3405 eff
885 3352 889 3419 1
907 3357 941 3404 14
955 3349 1024 3420 quia
1037 3350 1072 3404 H
1074 3350 1082 3382 ¹

60 3438 148 3490 quam
162 3422 181 3476 ct
197 3423 201 3486 Ι
219 3426 252 3475 1c
267 3422 389 3491 operatis
401 3422 429 3475 P
443 3423 447 3490 Ι
465 3427 498 3476 16
512 3420 606 3476 edicta
620 3422 655 3477 H
658 3424 678 3547 ὅ
688 3428 721 3476 22
737 3420 836 3476 Cimon
850 3420 967 3478 Oueuub.
978 3438 1011 3476 ea
1027 3422 1082 3475 Po·

61 3494 72 3549 1
91 3509 152 3547 uec.
173 3498 199 3559 1,
215 3497 260 3560 34,
277 3497 294 3546 1
309 3491 405 3548 Conon
421 3493 482 3547 GH
493 3491 639 3548 ComenG
680 3510 763 3549 omon
778 3495 823 3562 ΡΙ
840 3500 873 3548 25
892 3492 1082 3561 eurymedona

96 3564 131 3618 H
136 3563 171 3632 P,
185 3579 253 3620 corr.
268 3564 287 3618 d
303 3567 308 3633 Ι
323 3569 358 3617 26
373 3563 589 3633 adignoscerent
602 3565 637 3620 H
648 3567 654 3634 Ι
670 3569 704 3619 27
720 3565 866 3620 caluerunt
887 3565 913 3621 G

117 3663 259 3704 Facimus
273 3662 308 3704 ed.
323 3662 492 3705 Gundermann.
905 3659 921 3704 6
