2400 3944
122 197 165 263 26
325 197 402 253 IULl
420 195 596 252 FRONTINI
615 193 943 251 STRATEGEMATON

121 363 245 425 terunt:
272 360 401 424 relictos
426 357 586 424 Samnites
611 357 785 442 Gallosque
808 358 928 424 Fabius
954 363 989 424 et
1014 361 1128 447 collega
1172 374 1174 403 ⁴

123 448 242 514 Decius
267 447 414 532 adgressi
436 449 592 512 uicerunt.
1173 450 1174 455 ’

188 539 219 601 4.
247 536 299 602 Μ’.
323 534 440 601 Curius
465 536 621 601 aduersus
645 533 797 617 Sabinos,
820 537 876 620 qui
899 536 1031 620 ingenti
1055 560 1131 625 exer·

122 627 188 691 citu
221 626 404 710 conscripto
436 626 557 690 relictis
588 625 707 689 finibus
740 623 807 689 suis
839 627 972 689 nostros
1008 647 1132 712 occupa·

87 717 252 800 onerant,
282 713 417 780 occultis
446 713 618 778 itineribus
646 735 778 778 manum
806 714 907 797 misit,
935 735 1024 797 qnae
1055 716 1132 781 deso

122 804 207 869 latos
237 824 333 889 agros
362 825 474 868 eorum
497 803 650 886 uicosque
677 823 737 886 per
760 801 889 867 diuersa
911 803 1132 870 incenderunt:

122 891 235 958 Sabini
250 893 290 957 ad
306 892 477 957 arcendam
492 891 702 957 domesticam
717 890 909 956 uastitatem
920 896 1133 977 recesserunt

122 980 220 1047 Ourio
249 981 388 1065 contigit
415 985 449 1045 et
477 1001 597 1044 uacuos
630 979 786 1045 infestare
818 979 963 1045 hostium
996 981 1134 1049 fineset

121 1073 296 1134 exercitum
329 1070 397 1132 sinc
426 1067 552 1152 proelio
581 1071 727 1132 auertere
755 1089 969 1152 sparsumque
998 1071 1134 1136 caedere.

70 1176 103 1225 10
189 1158 218 1222 5.
251 1157 287 1221 T.
310 1156 438 1235 Didius,
469 1157 631 1240 paucitate
655 1177 788 1221 suorum
811 1156 974 1242 diffidens,
1002 1180 1081 1224 cum
1107 1161 1134 1225 in

122 1246 297 1310 aduentum
319 1267 430 1309 earum
452 1245 627 1329 legionum,
650 1267 729 1329 quas
749 1245 969 1331 exspectabat,
992 1248 1135 1313 traheret

120 1334 244 1399 bellum
267 1338 301 1398 et
324 1355 490 1398 occurrere
514 1335 559 1398 eis
583 1333 712 1398 hostem
736 1335 960 1418 comperisset,
987 1337 1134 1403 contione

122 1422 280 1487 aduocata
308 1423 415 1505 aptari
443 1422 540 1486 iussit
568 1422 689 1486 milites
720 1417 763 1486 ad
788 1443 932 1507 pugnam
960 1444 998 1488 ac
1029 1424 1071 1490 de
1093 1424 1136 1490 in·

121 1511 247 1576 dustria
282 1512 507 1597 neglegentius
544 1511 698 1575 custodiri
739 1513 894 1594 captiuos.
943 1533 983 1576 ex
1021 1514 1135 1599 quibus

69 1616 102 1666 15
120 1601 229 1685 pauci,
265 1600 321 1685 qui
356 1599 584 1684 profugerant,
620 1600 855 1664 nuntiauerunt
892 1600 958 1665 suis
992 1622 1134 1689 pugnam

120 1689 292 1754 inminere:
325 1692 357 1753 et
376 1689 436 1772 illi,
459 1710 499 1752 ne
518 1688 601 1772 su<b
617 1687 880 1772 ex>speotatione
903 1689 1022 1773 proelii
1047 1692 1135 1758 didu-

120 1784 230 1843 cerent
257 1778 353 1860 uiris,
382 1777 561 1842 omiserunt
584 1798 750 1842 occurrere
774 1778 835 1861 eis,
865 1778 981 1862 quibus
1005 1779 1136 1846 insidia·

120 1868 253 1932 bantur:
277 1867 423 1952 legiones
446 1867 610 1931 tutissime
633 1864 723 1930 nullo
746 1867 924 1950 excipiente
943 1867 985 1931 ad
1004 1867 1136 1934 Didium

11 1956 14 1970 '
120 1960 347 2040 peruenerunt.

65 2061 100 2111 ao
189 2047 217 2111 6.
241 2044 333 2110 Bello
357 2045 479 2110 Punico
503 2043 661 2128 quaedam
685 2044 848 2128 ciuitates,
872 2065 955 2128 quae
978 2043 1136 2112 aRoma·

120 2138 171 2200 nis
205 2135 340 2198 deficere
373 2133 413 2198 ad
444 2131 570 2197 Poenos
603 2133 863 2216 destinauerant,
900 2154 973 2197 cum
1006 2134 1135 2200 obsides

120 2223 297 2304 dedissent,
320 2242 401 2304 quos
425 2222 567 2306 recipere
591 2224 766 2306 antequam
790 2221 1006 2286 desciscerent
1029 2224 1136 2290 stude·

119 2313 214 2394 bant,
243 2309 479 2373 simulauerunt
506 2309 698 2375 seditionem
725 2310 812 2374 inter
837 2309 994 2375 finitimos
1020 2315 1136 2396 ortam,

120 2421 218 2485 quam
245 2397 466 2462 Romanorum
494 2399 595 2482 legati
623 2398 774 2463 dirimere
802 2398 970 2481 deberent,
1004 2401 1136 2473 missos·

65 2503 101 2552 25
120 2511 181 2575 que
206 2508 261 2552 eos
284 2486 376 2551 uelut
398 2489 561 2551 contraria
588 2488 727 2573 pignora
749 2488 953 2552 retinuerunt
975 2509 1036 2554 nec
1062 2495 1136 2555 ante

118 2575 341 2660 reddiderunt,
365 2597 462 2660 quam
485 2576 550 2660 ipsi
572 2578 791 2661 reciperarent
814 2598 899 2642 suos.

187 2665 215 2729 l.
243 2663 360 2749 Legati
378 2663 614 2750 Romanorum,
633 2687 707 2730 cum
725 2665 863 2749 mis<si>
883 2669 991 2730 essent
1011 2665 1053 2730 ad
1070 2665 1137 2732 An·

119 2754 265 2819 tiochum
298 2774 422 2838 regem,
459 2755 515 2838 qui
547 2776 656 2818 seeum
687 2753 906 2819 Hannibalem
938 2754 1035 2819 uictis
1069 2757 1136 2821 iam

190 2928 344 2996 3M.HP‚
363 2945 410 2984 em.
424 2927 483 2983 Sor.
501 2929 505 2998 l
522 2935 537 2982 6
556 2928 683 2983 incendit
699 2928 739 2982 P:
758 2945 796 2983 aa
814 2929 996 2984 incenderent
1013 2928 1049 2996 ΡΙ
1072 2934 1088 2984 8
1108 2932 1137 2985 et

118 3017 168 3056 ons.
179 3002 215 3056 H
227 3004 231 3069 l
254 3005 287 3053 10
305 2998 444 3068 paucitati
458 3000 496 3068 dl
517 3000 729 3054 inadinuentum
744 3001 779 3055 H
792 3003 796 3067 Ι
819 3007 851 3054 15
865 2999 1051 3070 profugerunt
1066 3001 1137 3069 HP,

118 3089 187 3128 corr.
204 3073 274 3127 Oud.
296 3073 300 3139 Ι
327 3078 360 3125 16
379 3073 409 3125 et
426 3087 477 3125 nos
495 3073 526 3124 at
543 3071 579 3125 H
581 3071 609 3125 P
627 3074 632 3141 Ι
657 3072 709 3126 sub
728 3071 936 3141 exspectatione
955 3072 1057 3127 Hortel
1076 3074 1136 3129 coll.

120 3144 297 3210 Colum.1,1
327 3141 536 3211 suspectatione
554 3142 589 3197 H
594 3142 622 3195 P
647 3143 826 3213 suspectione
845 3144 864 3198 d
896 3142 1055 3212 suspicione
1075 3145 1135 3200 edd.

119 3213 328 3282 exspectatione
338 3212 407 3268 Orod.
425 3215 429 3282 Ι
448 3211 574 3282 proeliid
591 3213 707 3283 proeliis
717 3215 752 3268 H
753 3215 782 3268 P
795 3217 798 3283 Ι
816 3213 899 3268 atilli
909 3213 1137 3284 nihilsuspicati,

118 3300 153 3338 ne
167 3283 281 3352 proeliis
296 3288 378 3338 antea
390 3289 586 3353 temptauerunt
603 3289 607 3348 Ι
623 3285 792 3340 deducerent
806 3286 841 3339 H
843 3286 877 3352 P,
896 3286 973 3341 ema
988 3288 992 3354 Ι
1011 3290 1043 3339 17
1059 3287 1136 3342 uires

118 3354 168 3424 ΡΙ
193 3354 246 3425 eis]
266 3355 295 3407 ct
308 3354 344 3408 H
364 3356 369 3422 Ι
394 3354 580 3410 insidiabatur
594 3355 638 3410 Η1
663 3357 667 3424 Ι
693 3361 727 3410 20
746 3358 896 3425 exemplam
914 3356 1035 3411 alienum
1051 3363 1138 3427 putot

46 3431 49 3438 '
123 3425 313 3479 Wacbsmutb:
336 3426 371 3492 cf.
389 3427 477 3494 praef.
496 3425 552 3497 §9
580 3429 585 3497 Ι
614 3433 648 3481 21
668 3426 880 3482 destinauerunt
898 3427 976 3492 ΗΡ,
995 3443 1065 3484 corr.
1086 3431 1105 3486 d
1130 3429 1133 3502 l

118 3495 249 3551 obsident
267 3494 312 3548 H¹
332 3497 336 3563 Ι
362 3501 396 3550 23
416 3496 599 3553 simulauerat
617 3498 662 3552 Η1
685 3497 887 3553 simulauerant
904 3497 942 3566 ΙιΙ
965 3503 999 3552 26
1018 3514 1136 3571 recupe-

117 3570 212 3624 rarent
230 3567 258 3622 P
280 3568 285 3635 Ι
310 3572 343 3621 27
363 3567 441 3622 missi
459 3570 590 3624 essentd
616 3569 705 3624 issent
722 3569 757 3624 H
781 3569 925 3623 misissent
942 3569 970 3622 P
