2400 3944
439 174 549 230 LIBER
566 175 612 230 IV.
641 173 719 230 CAP.
739 181 764 231 t.
1042 174 1105 238 129

85 342 224 424 rogatus
247 342 333 402 esset
357 360 376 402 a
399 337 568 419 militibus,
591 338 667 422 quid
689 338 874 422 imperaret,
898 337 989 419 dixit,
1012 342 1049 403 ut
1072 361 1107 403 se

86 429 316 509 imitarentur,
348 431 382 491 et
408 430 539 510 arrepto
573 427 666 511 signo
693 425 798 491 hostis
822 427 946 511 primus
970 426 1104 490 inuasit:

85 538 186 601 quem
211 515 314 580 secuti
335 515 508 579 uictoriam
532 514 640 598 adepti
663 517 748 579 sunt.

155 605 187 669 4.
220 602 374 669 Claudius
402 602 592 685 Marcellus,
625 625 697 668 cum
725 604 760 667 in
788 625 903 667 manus
937 602 1106 668 Gallorum

88 692 268 776 inprudens
301 692 485 775 incidisset,
518 691 825 775 circumspiciendae
862 692 1005 776 regionis
1043 707 1141 777 quae

87 780 244 846 euaderet
274 802 372 846 causa
404 802 522 865 equum
554 781 588 845 in
616 780 730 845 orbem
757 780 860 844 flexit:
892 780 1005 844 deinde
1034 801 1108 845 cum

87 875 200 936 omnia
228 890 299 933 esse
327 869 445 934 infesta
467 868 615 951 uidisset,
643 873 797 953 precatus
826 869 902 932 deos
926 870 960 932 in
983 867 1107 933 medios

86 958 195 1023 hostis
219 957 357 1041 inrupit:
381 958 498 1042 quibus
517 958 686 1040 inopinata
704 956 845 1030 audacia¹
862 957 1027 1041 perculsis,
1051 955 1107 1020 du·

87 1068 160 1111 cem
184 1067 311 1131 quoque
338 1068 451 1110 eorum
473 1045 650 1110 trucidauit
673 1049 783 1130 atque,
812 1045 867 1109 ubi
891 1066 965 1129 spes
990 1045 1106 1110 salutis

88 1135 145 1200 uix
169 1134 387 1219 superfuerat,
409 1133 483 1198 inde
507 1134 617 1219 opima
640 1135 769 1198 rettulit
792 1134 905 1216 spolia.
1128 1148 1163 1198 10

157 1222 187 1287 5.
223 1221 259 1287 L.
272 1222 404 1307 Paulus,
426 1223 547 1287 amisso
572 1223 612 1287 ad
627 1220 756 1287 Cannas
781 1222 931 1307 exercitu,
954 1222 1108 1287 offerente

89 1333 207 1396 equom
221 1310 357 1377 Lentulo
377 1333 441 1396 quo
460 1310 599 1396 fugeret,
623 1332 791 1396 superesse
810 1310 893 1376 cladi
913 1332 1108 1395 quamquam

89 1423 156 1466 non
179 1421 238 1483 per
259 1399 367 1484 ipsum
391 1404 575 1466 contractae
598 1401 717 1482 noluit,
741 1400 854 1464 sedin
878 1422 915 1465 eo
940 1422 1034 1484 saxo,
1057 1399 1109 1464 cui

90 1511 124 1554 se
143 1488 333 1553 uulneratus
352 1488 582 1574 adclinauerat,
599 1488 752 1573 persedit,
776 1489 877 1554 donec
896 1488 937 1553 ab
956 1487 1108 1553 hostibus

93 1599 268 1663 oppressus
288 1576 521 1642 confoderetur.
1130 1590 1162 1639 15

159 1666 188 1730 6.
225 1664 331 1731 Varro
355 1666 481 1749 collega
505 1666 574 1730 eius
598 1666 650 1730 uel
681 1666 803 1731 maiore
827 1665 1011 1741 constantia
1034 1667 1111 1747 post

91 1754 228 1819 eandem
248 1754 373 1819 cladem
393 1755 473 1819 uixit
492 1754 682 1838 gratiaeque
707 1755 737 1818 ei
756 1776 775 1818 a
794 1756 909 1818 senatu
933 1756 966 1817 et
988 1751 1109 1837 populo

92 1847 185 1909 actae
209 1846 293 1921 sunt,
317 1844 402 1926 quod
424 1864 490 1908 non
513 1842 717 1925 desperasset
740 1863 808 1906 rem
831 1841 1002 1926 publicam.
1044 1861 1109 1905 non

91 1935 202 1996 autem
233 1931 321 1996 uitae
353 1931 551 2015 cupiditate,
589 1932 644 1995 sed
672 1931 720 1994 rei
752 1930 902 2014 publicae
935 1951 1045 1995 amore
1076 1950 1109 1993 se

90 2019 290 2104 superfuisse
317 2021 441 2105 reliquo
473 2020 590 2084 aetatis
621 2041 698 2084 suae
725 2024 871 2104 tempore
904 2017 1109 2103 adprobauit:
1130 2035 1164 2081 ‘ro

92 2114 124 2175 et
153 2108 288 2173 barbam
315 2108 531 2193 capillumque
554 2108 717 2173 summisit
741 2111 773 2172 et
796 2111 910 2192 postea
933 2128 1110 2190 numquam

90 2196 250 2262 recubans
275 2197 383 2262 cibum
405 2197 504 2281 cepit:
526 2196 703 2261 honoribus
728 2218 871 2281 quoque,
903 2217 975 2260 cum
1004 2196 1033 2260 ei
1058 2195 1110 2258 de·

90 2287 255 2351 ferrentur
287 2308 306 2350 a
338 2286 476 2371 populo,
512 2285 731 2368 renuntiauit,
763 2285 873 2350 dicens
910 2283 1110 2350 felicioribus

91 2374 345 2460 magistratibus
369 2375 417 2438 rei
439 2374 588 2459 publicae
612 2395 694 2458 opus
718 2396 797 2439 esse.

161 2464 190 2529 7.
224 2460 434 2548 Sempronius
458 2462 638 2527 Tuditanus
665 2467 699 2526 et
722 2460 779 2527 (ln.
803 2461 958 2528 Octauius
986 2461 1109 2527 tribuni
1128 2474 1163 2524 25

92 2553 236 2617 militum
260 2553 409 2617 omnibus
436 2551 518 2616 fusis
543 2551 584 2615 ad
608 2549 752 2635 Cannas,
776 2572 849 2615 cum
872 2552 907 2616 in
931 2551 1109 2615 minoribus

92 2641 211 2705 castris
247 2640 577 2722 circumsederentur,
614 2643 788 2704 suaserunt
824 2639 1111 2718 commilitonibus,

92 2730 295 2813 stringerent
317 2729 444 2815 gladios
468 2732 502 2792 et
529 2749 587 2812 per
609 2728 754 2792 hostium
776 2727 941 2811 praesidia
964 2748 1110 2810 erumpe-

92 2820 167 2882 rent
194 2839 320 2900 secum,
358 2817 389 2881 id
418 2817 482 2881 sibi
514 2817 613 2880 animi
641 2837 729 2895 esse,
762 2815 891 2879 etiamsi
919 2815 1041 2879 nemini
1070 2815 1111 2879 ad

92 2906 329 2991 erumpendum
353 2905 488 2970 audacia
511 2904 637 2990 fuisset,
659 2903 879 2969 adfirmantes:
903 2903 941 2966 de
961 2906 1112 2967 cunctan-
1133 2920 1167 2967 ao

166 3050 183 3098 4
203 3043 335 3100 Claudius
349 3045 377 3098 P
394 3044 433 3100 cl.
449 3030 522 3100 GH.
537 3043 566 3098 L.
581 3042 616 3097 H
628 3045 633 3114 Ι
650 3048 666 3098 6
681 3057 846 3097 eausaeoum
860 3041 894 3096 H
908 3057 993 3096 causa
1010 3040 1115 3095 circum

92 3115 150 3183 (cir
167 3115 293 3178 deletum)
312 3115 339 3171 G
354 3118 358 3184 Ι
376 3121 391 3170 7
411 3117 485 3170 esset
503 3115 585 3184 GH!
603 3121 634 3170 ll
655 3113 756 3169 amisso
774 3114 792 3167 b
818 3112 950 3168 ammisso
968 3110 1047 3166 GH¹
1066 3112 1114 3165 ad-

93 3186 234 3250 missoPl
252 3191 284 3240 12
300 3202 401 3255 equom
414 3186 488 3241 (ΞΗι
502 3203 604 3255 equum
615 3187 642 3240 P
654 3201 726 3254 equo
741 3186 770 3240 in
783 3184 801 3238 t
817 3187 822 3254 1
838 3182 970 3239 claudiG
985 3184 990 3254 Ι
1008 3189 1041 3237 14
1056 3182 1114 3237 uol-

94 3257 246 3312 neratusG
261 3262 266 3326 1
284 3263 316 3311 17
332 3257 359 3312 ei
373 3256 402 3328 a]
418 3274 452 3312 ea
465 3256 500 3311 H
512 3261 516 3323 1
535 3263 567 3312 19
583 3274 613 3312 se
627 3274 677 3312 om.
688 3256 723 3311 H
727 3255 737 3286 ¹
753 3259 757 3324 Ι
773 3261 807 3310 21
823 3272 888 3310 nam
902 3257 932 3310 et
945 3255 1063 3309 barbam
1077 3253 1112 3324 dl

95 3333 131 3383 22
151 3327 304 3384 honoribus
324 3344 436 3397 quoque
451 3328 548 3383 GHP
563 3327 768 3396 honoribusque
782 3328 801 3381 d
817 3329 821 3394 Ι
838 3331 871 3381 25
887 3343 928 3380 cn.
942 3326 1009 3382 GH
1023 3342 1038 3380 c
1052 3329 1115 3379 onte

95 3401 227 3456 aeman
245 3401 331 3455 triam
348 3399 405 3466 fere
423 3400 475 3454 litt.
493 3399 539 3467 ΡΙ
556 3405 589 3453 nt
605 3398 866 3454 circumciderentur
879 3397 948 3467 bPl
965 3403 999 3452 30
1014 3395 1115 3450 fuisset

95 3487 149 3526 om.
161 3470 208 3540 ΡΙ
229 3470 264 3525 de
284 3469 481 3527 cunctantibus
493 3470 521 3523 P
541 3469 755 3524 decunctantem
767 3468 832 3523 GH
848 3468 883 3522 de
897 3468 1005 3522 eunetis
1020 3470 1116 3522 autem

97 3541 278 3597 chbmeister
294 3544 299 3612 Ι
317 3538 363 3595 DC
382 3540 592 3611 (cunctantibus
613 3572 644 3580 -
664 3539 818 3610 peditibus)
837 3539 885 3608 qui
903 3539 1029 3594 Eussner

152 3639 293 3682 llaorrrrus
308 3640 344 3681 ed.
358 3640 527 3681 Gundermann
886 3634 902 3682 9
