2392 3944
136 195 177 258 12
338 193 415 248 IULI
432 191 610 248 FRONTINI
629 190 948 249 STRATEGEMATON
1017 219 1021 226 ·

135 357 165 421 ei
194 358 297 422 classe
324 355 471 421 insidiati
504 376 621 440 agmen
649 355 718 420 eius
746 353 972 438 scorpionibus
1003 354 1146 440 adgressi
1184 367 1186 428 Ι

135 449 257 523 essent,
294 445 441 528 captiuos
475 445 569 509 lateri
601 445 745 508 euntium
778 444 974 527 praetexuit:
1012 464 1147 528 quorum
1184 477 1186 517 3

134 537 284 618 respectu
305 533 416 598 hostes
439 532 609 597 inhibuere
634 533 710 599 tela.

201 624 232 688 2.
262 622 434 707 Agesilaus
458 619 744 701 Lacedaemonius,
773 642 846 685 cum
868 619 989 704 praeda
1012 625 1147 691 onustus

99 729 174 779 sex
206 710 351 797 Phrygia
387 709 509 774 rediret
545 710 752 794 insequerent
754 731 854 794 urque
890 709 1003 774 hostes
1041 713 1077 774 et
1111 708 1148 775 cd

134 799 279 865 locorum
300 799 582 952 opportunitatem
605 800 802 863 lacesserent
823 818 942 899 agmen
960 797 1045 882 eius,
1068 798 1148 901 ordi·

134 911 208 952 nem
238 889 442 972 captiuorum
471 887 512 952 ab
541 890 577 951 ut
579 908 678 969 roque
706 887 754 951 lat
740 891 807 950 tere
835 885 994 950 exercitus
1022 886 1078 951 sui
1098 908 1148 952 ex·

134 977 264 1060 plicuit:
288 975 405 1059 quibus
425 965 502 1039 dum
525 975 632 1058 parcit
632 997 670 1039 ur
617 975 730 1039 tab
749 974 827 1040 host
812 979 860 1059 te,
883 978 958 1058 spat
958 974 1027 1039 ium
1046 978 1149 1041 trans·

135 1065 232 1129 eundi
255 1065 438 1128 habuerunt
461 1063 717 1130 Lacedaemonii

82 1149 116 1220 lb
202 1153 232 1217 3.
263 1152 364 1235 Idem,
386 1156 499 1217 tenent
485 1153 573 1217 tibus
597 1152 767 1236 angustias
786 1150 965 1235 Thebanis,
987 1172 1048 1236 per
1072 1172 1148 1236 quas

135 1241 370 1306 transeundum
398 1241 553 1323 habebat,
585 1240 675 1304 flexit
701 1241 777 1324 iter,
805 1240 898 1324 quasi
921 1238 1054 1304 Thebas
1078 1261 1148 1307 con·

135 1329 297 1393 tenderet:
325 1329 489 1394 exterritis
514 1328 678 1394 Thebanis
707 1328 926 1412 digressisque
949 1328 991 1392 ad
1013 1328 1147 1395 tutanda

65 1442 72 1463 ²
135 1418 263 1482 moenia
285 1417 461 1502 repetitum
483 1418 560 1502 iter,
584 1439 647 1501 quo
671 1416 905 1500 destinauerat,
929 1438 1080 1482 emensus
1102 1419 1149 1484 est

133 1507 223 1571 nullo
248 1506 436 1571 obsistente.

83 1613 115 1662 15
200 1595 231 1660 4.
261 1593 469 1660 Nicostratus
498 1593 562 1658 dux
584 1594 778 1659 Aetolorum
806 1593 961 1658 aduersus
984 1593 1149 1679 Epirotas,

134 1705 208 1749 cum
241 1683 271 1747 ei
305 1683 412 1748 aditus
444 1684 479 1747 in
510 1683 591 1748 fines
624 1705 735 1748 eorum
768 1683 900 1766 angusti
930 1683 1061 1763 fierent,
1093 1704 1149 1770 per

136 1772 275 1837 alterum
298 1773 408 1838 locum
430 1771 638 1855 inrupturum
658 1793 692 1836 se
712 1770 898 1850 osteudens,
921 1771 1012 1837 omni
1033 1770 1093 1836 illa
1112 1771 1149 1838 cd

134 1861 373 1945 prohibendum
397 1864 584 1945 occurrente
602 1860 813 1944 Epirotarum
832 1859 1056 1944 multitudine,
1079 1858 1150 1926 reli·

135 1950 205 2034 quit
237 1972 312 2015 suos
344 1971 479 2034 paucos,
513 1950 567 2033 qui
598 1949 738 2033 speciem
766 1948 963 2013 remanentis
992 1949 1154 2015 exercitus

81 2054 115 2104 2ο
135 2038 341 2121 praeberent:
365 2038 434 2121 ipse
459 2059 531 2102 eum
555 2042 662 2102 cetera
685 2059 784 2101 manu
809 2059 872 2122 quo
895 2059 962 2102 non
984 2041 1168 2123 exspects·'

135 2126 233 2191 batur
256 2126 347 2191 aditu
370 2127 516 2191 intrauit.

201 2214 232 2279 5.
264 2213 492 2297 Autophradat
494 2236 528 2278 es
556 2213 685 2292 Perses,
692 2218 696 2224 '
714 2235 787 2278 cum
815 2214 849 2278 in
877 2213 1033 2278 Pisidiam
1064 2237 1148 2283 exer·

135 2302 235 2366 citum
255 2302 386 2366 duceret
371 2305 434 2366 tet
448 2303 615 2386 angustias
631 2302 787 2455 quasdam
802 2301 931 2368 Pisidae
946 2308 1150 2387 occuparent,

136 2390 289 2454 simulata
254 2390 522 2454 tvexationct
507 2391 709 2456 traiciendi'
700 2394 779 2455 insti
767 2391 844 2456 ituit
871 2392 1036 2456 reducere:
1066 2392 1150 2478 quod

81 2494 116 2543 25
136 2499 209 2542 cum
245 2477 376 2543 Pisidae
413 2479 638 2564 credidissent,
679 2479 735 2544 ille
775 2483 871 2544 nocte
913 2479 1149 2548 ualidissimam

135 2588 267 2631 manum
296 2566 336 2631 ad
365 2567 499 2633 eundem
528 2530 638 2633 locuni
663 2568 883 2653 occupandum
914 2569 1087 2653 praemisit
1114 2591 1150 2636 ac

134 2657 267 2740 postero
292 2654 380 2720 diet
366 2659 471 2721 totum
494 2657 623 2722 traiecit
646 2658 828 2722 exercitum.

202 2744 230 2808 6.
255 2743 424 2828 Philippus
442 2745 654 2811 Macedonum
672 2766 729 2810 rex
743 2744 913 2810 Graeciam
931 2748 1058 2830 petens,
1079 2769 1150 2812 cum

135 2831 370 2917 Thermopylas
390 2838 525 2917 occupat
527 2857 562 2898 as
511 2834 760 2898 audiret
727 2838 760 2898 e
779 2833 819 2898 ad
839 2856 912 2898 eum
935 2835 1119 2918 legatit
1053 2835 1150 2901 Aeto·

205 3060 357 3130 2ιιριιιιιι
371 3060 514 3125 lateraP
529 3061 650 3127 cf.6,17
666 3064 670 3127 Ι
689 3061 1096 3132 lltransireauebatqdllfl
1096 3062 1151 3118 uod

133 3132 192 3186 edd.
210 3135 214 3197 Ι
236 3136 270 3185 15
283 3130 428 3185 Nicostra
429 3147 461 3184 us
475 3131 570 3199 (prior
584 3149 596 3185 s
610 3147 735 3200 superscr
737 3131 805 3200 )H
817 3136 821 3199 Ι
840 3137 872 3185 16
890 3131 983 3186 forent
970 3081 1148 3204 ιΕιιιειιιιΙ

134 3206 168 3254 20
187 3217 242 3269 quo
261 3201 395 3254 Heinsius
422 3200 572 3269 quaHP,
594 3203 641 3257 sed
663 3221 701 3258 ue
721 3203 1058 3271 summasunmna.
1080 3205 1149 3273 (sac-

133 3276 257 3338 ratucq:
273 3270 470 3339 =que?)hl
496 3278 528 3326 21
545 3243 696 3327 aditumP
711 3290 816 3343 q—ua
782 3273 936 3340 —aditus,
956 3272 1021 3329 intr.
1042 3274 1148 3359 Sterqd

133 3346 167 3395 22
186 3341 356 3396 Autofrada
344 3345 386 3396 es
404 3342 468 3396 ΗΡ
489 3346 494 3410 Ι
518 3361 613 3470 pedlrses
632 3345 677 3411 H,
699 3346 746 3400 sed
763 3361 814 3413 per
832 3347 864 3399 ia
882 3361 937 3400 ras
956 3346 974 3398 h
999 3349 1003 3410 Ι
1029 3351 1064 3400 23
1103 3274 1149 3402 isi¹

134 3410 197 3465 diae
212 3411 257 3478 H,
276 3413 322 3466 sed
340 3411 420 3481 pitu
437 3415 576 3470 rusetdi
594 3433 628 3470 cx
647 3417 685 3469 du
703 3431 772 3471 corr.
786 3417 828 3483 bl
855 3421 890 3469 24
907 3365 1147 3489 traiciendohll

132 3452 278 3536 reduceret
266 3483 336 3536 H¹
352 3486 356 3550 Ι
378 3488 411 3538 25
430 3483 550 3553 pisidiae
565 3487 600 3540 H
611 3488 616 3555 Ι
637 3493 672 3542 28
691 3485 816 3556 graecias
831 3485 866 3539 H
870 3487 905 3554 P
924 3487 971 3541 sed
989 3487 1028 3553 cf.
1041 3415 1148 3545 Charisi

132 3553 170 3606 K.
181 3569 211 3622 p.
228 3558 276 3620 32,
290 3557 307 3606 4
328 3557 332 3622 Ι
354 3559 387 3609 29
407 3555 610 3627 thermophilas
630 3558 663 3611 H
679 3556 890 3626 thermophylas
909 3557 938 3610 P
