2400 3944
142 191 209 254 140
343 188 418 243 IULI
436 188 614 244 FRONTINI
633 187 951 244 STRATEGEMATON

141 352 250 417 Flacci
273 350 479 434 proconsulis
499 351 705 436 excogitauit,
728 354 766 416 ut
783 351 925 416 delectos
948 373 988 416 ex
1011 355 1082 417 toto
1104 375 1147 418 ex·

142 441 259 523 ercitu‚
288 440 343 524 qui
366 439 566 505 uelocissimi
597 439 790 504 uidebantur
813 444 846 504 et
869 439 1043 506 mediocris
1068 446 1149 506 erant

143 532 297 612 staturae,
319 529 476 612 parmulis
498 551 565 593 non
588 528 705 612 amplis
729 532 762 592 et
785 527 953 612 galeiculis
977 530 1150 614 gladiisque

142 639 179 682 ac
199 618 341 702 septenis
360 617 505 702 singulos
519 617 625 682 hastis
645 621 874 701 quaternorum
894 617 1024 683 circiter
1042 620 1150 703 pedum

106 723 122 771 o
142 709 284 770 armaret
307 727 426 789 eosque
454 706 623 770 adiunctos
652 706 814 791 equitibus
844 706 973 771 iuberet
995 729 1097 792 usque
1119 707 1151 772 ad

142 793 272 859 moenia
294 793 445 878 prouehi,
473 794 586 858 deinde
613 794 660 858 ibi
683 795 822 878 positos,
849 795 971 858 nostris
996 797 1152 880 equitibus
1189 836 1190 842 κ

143 882 221 967 <se>
245 883 490 965 recipientibus,
512 883 598 946 inter
621 883 765 947 hostium
789 883 970 965 equitatum
993 885 1153 967 proeliari:

143 993 207 1055 quo
236 971 323 1034 facto
356 971 566 1035 uehementer
593 976 627 1034 et
653 971 717 1054 ipsi
745 969 903 1054 Campani
933 972 1059 1037 adflicti
1087 976 1153 1037 sunt

143 1063 175 1123 et
199 1060 337 1124 maxime
356 1061 429 1143 equi
449 1081 575 1143 eorum,
602 1059 718 1143 quibus
745 1059 887 1124 turbatis
910 1081 1017 1143 prona
1039 1062 1152 1126 nostris

91 1166 124 1214 10
142 1148 280 1213 uictoria
302 1148 373 1215 fuit

210 1255 262 1318 30.
295 1253 329 1316 P.
353 1251 458 1333 Scipio
489 1253 523 1316 in
545 1251 663 1336 Lydia,
696 1275 768 1318 cum
797 1253 848 1317 die
879 1274 916 1318 ac
938 1257 1036 1319 noete
1059 1255 1152 1319 imbre

144 1343 298 1407 continuo
322 1349 476 1404 uexatum
500 1342 678 1405 exercitum
695 1340 850 1406 Antiochi
872 1341 1001 1406 uideret
1023 1365 1086 1408 neo
1107 1344 1152 1408 ho

144 1430 247 1494 mines
270 1433 399 1493 tantum
420 1435 477 1493 aut
496 1451 594 1514 equos
614 1429 758 1511 deficere,
780 1447 893 1494 uerum
916 1452 1010 1495 arcus
1035 1453 1152 1516 quoque

144 1519 352 1584 madentibus
366 1518 476 1583 neruis
498 1518 660 1582 inhabiles
681 1517 796 1601 factos,
820 1517 1010 1584 exhortatus
1031 1527 1083 1585 est
1099 1520 1150 1585 fru-

93 1625 125 1673 15
144 1611 246 1688 trem,
273 1611 311 1670 ut
336 1611 467 1690 postero
495 1607 644 1691 quamuis
673 1607 828 1692 religioso
861 1606 911 1671 die
944 1611 1151 1674 committeret

143 1697 319 1780 proelium:
344 1717 441 1780 quam
465 1695 661 1760 sententiam
686 1700 797 1760 secuta
819 1696 957 1760 uictoria
981 1703 1043 1761 est.

211 1821 262 1884 31.
296 1818 454 1885 Catonem
482 1824 668 1884 uastantem
690 1818 885 1902 Hispaniam
912 1819 1015 1905 legati
1043 1821 1148 1906 Ilerge·

144 1913 229 1993 tum,
258 1909 313 1993 qui
342 1908 504 1972 sociorum
526 1909 665 1993 populus
694 1912 777 1987 erat,
804 1908 952 1972 adierunt
976 1911 1150 1974 orauerunt

145 2019 206 2081 que
231 1997 361 2062 auxilia.
398 1996 463 2079 ille,
485 2018 527 2061 ne
549 2000 606 2061 aut
627 1999 748 2081 negato
772 1996 931 2061 adiutorio
956 1998 1063 2063 socios
1086 1999 1150 2064 alie

91 2090 239 2151 uoueret
268 2089 325 2150 aut
357 2085 487 2150 diducto
518 2086 660 2149 exercitu
691 2085 778 2149 uires
818 2087 998 2170 minueret,
1030 2088 1151 2153 tertiam

144 2178 272 2258 partem
294 2174 435 2238 militum
455 2174 578 2238 cibaria
595 2195 711 2256 parare
730 2177 763 2237 et
782 2195 881 2238 naues
900 2174 1075 2241 ascendere
1095 2177 1150 2240 ius·

145 2265 204 2346 sit,
237 2263 313 2326 dato
341 2267 533 2345 praecepto,
565 2266 603 2326 ut
631 2261 801 2346 oau<sa>ti
829 2266 943 2327 uentos
967 2266 1057 2330 retro
1079 2263 1151 2328 redi·

144 2354 231 2415 rent:
269 2349 462 2434 praecedens
499 2350 631 2415 interim
668 2351 874 2415 aduentantis
905 2351 1019 2416 auxilii
1051 2371 1152 2418 rumor

144 2443 181 2502 ut
207 2438 385 2524 Ilergetum
418 2438 574 2503 excitauit
604 2440 748 2519 animos,
780 2440 827 2503 ita
853 2439 998 2505 hostium
1028 2439 1153 2506 consilia

90 2544 125 2592 25
145 2527 306 2592 discussit.

212 2633 264 2696 32.
296 2630 331 2697 G.
347 2629 475 2714 Caesar,
498 2657 571 2700 cum
589 2635 623 2698 in
642 2634 792 2717 partibus
811 2632 1019 2716 Pompeianis
1043 2655 1154 2720 magns

217 2849 232 2897 2
252 2842 406 2897 mediocres
427 2841 510 2910 GH!
533 2850 549 2897 3
569 2842 715 2912 galeioulis
732 2843 760 2895 P
777 2841 853 2912 galei
872 2841 960 2897 oculis
980 2843 1047 2899 GH
1061 2843 1155 2914 galeri·

146 2914 253 2970 culisd
280 2913 399 2995 galeolis
418 2915 476 2969 edd.
503 2917 508 2980 Ι
532 2915 659 2967 4hostis
678 2913 766 2993 GH!
792 2915 950 2968 barmaret
967 2913 1026 2970 Ser.
1053 2929 1155 2970 armare

145 2986 211 3040 GH
215 2986 243 3038 P
255 2983 359 3040 armari
372 2986 391 3039 d
406 2984 409 3055 Ι
426 2991 441 3039 6
455 2983 496 3037 ibi
511 3001 544 3038 oc
558 2983 607 3038 ubi
616 2985 648 3038 H
659 2983 663 3056 Ι
675 2983 784 3054 positos
794 2985 921 3039 Eussner
934 2984 1037 3066 positis
1050 2987 1116 3043 GH
1118 2983 1154 3055 ΡΙ

144 3058 230 3111 uerbo
249 3055 443 3124 equitibus-
463 3056 655 3123 equitatum'
643 3073 676 3109 aa
692 3072 795 3109 rasura
808 3072 863 3124 pro
881 3054 1053 3110 uictoria—
1073 3058 1156 3112 imbre

144 3130 183 3192 (u.
195 3132 315 3194 10-11)
324 3127 359 3180 H
371 3128 375 3194 Ι
393 3133 407 3180 7
423 3142 452 3180 se
467 3127 531 3180 odd.
546 3125 648 3180 Παντεῖ
663 3127 667 3194 Ι
683 3125 884 3195 recipientibus
896 3125 964 3182 GH
977 3127 1139 3197 incipereP

145 3198 228 3253 11P.
243 3215 293 3253 om.
304 3197 348 3251 H¹
366 3198 419 3252 Pre
436 3197 463 3250 P
478 3198 483 3265 Ι
501 3202 534 3251 14
551 3195 679 3268 fratrem]
700 3198 867 3266 suosctllt
885 3198 1139 3254 committereturd

146 3274 178 3323 1‘1
197 3269 349 3337 ilergetum
370 3269 395 3324 G
417 3271 545 3337 regetum
564 3268 599 3322 Η
618 3269 759 3337 legatum
780 3267 826 3338 ΡΙ
851 3275 884 3322 19
904 3272 954 3323 aut
976 3285 1011 3323 ne
1012 3273 1080 3338 gato
1102 3268 1161 3325 GH

145 3340 285 3407 abnegato
301 3341 329 3393 P
347 3341 397 3394 aut
415 3341 555 3408 abnegato
575 3340 634 3394 edd.
651 3343 656 3408 Ι
680 3346 714 3394 22
735 3337 843 3393 causati
861 3341 921 3394 edd.
941 3338 1018 3394 cauti
1039 3340 1106 3396 GH
1110 3341 1137 3395 P

144 3412 244 3463 uentos
262 3415 403 3479 tamquam
420 3411 551 3490 ptossema
569 3409 977 3477 eice'td,sortaceecotl.11iu.
998 3414 1134 3478 34,13,1

145 3481 240 3605 231ιὲ
246 3480 343 3605 ffillu
364 3482 392 3535 P.
411 3484 415 3549 Ι
441 3487 475 3535 24
493 3497 512 3534 u
513 3479 693 3550 tileregetum
709 3480 775 3536 GH
798 3481 841 3534 uti
858 3479 984 3550 legetum
1003 3482 1054 3552 ΡΙ
1080 3489 1115 3539 26
1134 3481 1160 3538 C

144 3567 194 3606 om.
