2400 3944
159 179 224 244 110
362 177 438 233 IULI
455 176 632 233 FRONTINI
652 175 978 234 STRATEGEMATON

158 343 325 424 darentur,
357 362 421 426 quo
443 340 569 405 uictum
592 344 813 406 sustentarent
835 361 937 424 usque
962 341 1005 406 ad
1029 346 1161 409 satorum

156 434 362 515 prouentum.

222 520 254 585 4.
285 518 417 603 Reliqui
449 541 487 583 ex
510 517 656 583 Variana
688 517 800 602 clade,
827 539 900 582 cum
932 517 1163 606 obsiderentur,

157 608 235 694 quia
268 608 361 673 defici
391 607 555 673 frumento
583 608 795 691 uidebantur,
827 606 945 672 horrea
974 611 1053 674 tota
1081 614 1163 676 nocte

121 715 137 766 o
157 697 439 763 circumduxerunt
458 697 613 782 captiuos,
638 695 752 760 deinde
769 695 925 780 praecisis
948 698 1106 764 manibus
1126 699 1163 763 di·

156 786 325 852 misenmt:
353 786 387 849 hi
416 784 724 850 circumsedentibus
753 785 819 849 suis
847 791 1104 868 persuaserunt,
1131 809 1164 852 ne

156 897 247 960 spem
271 879 419 940 maturae
443 874 696 958 expugnationis
719 878 915 956 reponerent
936 873 973 938 in
995 873 1090 941 fame
1110 875 1164 942 Re

156 986 345 1045 manorum,
378 964 495 1047 quibus
527 963 642 1048 ingens
676 962 905 1028 alimentorum
934 963 1034 1048 copia
1065 987 1164 1051 snper·

156 1057 252 1119 esset.

103 1159 137 1210 10
223 1142 252 1206 5.
280 1141 421 1205 Thraces
435 1141 470 1204 in
484 1141 585 1205 arduo
604 1145 714 1206 monte
733 1140 868 1224 obsessi,
889 1139 925 1206 in
948 1162 1050 1224 quem
1072 1141 1164 1208 hosti·

155 1232 216 1295 bus
241 1250 388 1295 accessus
412 1252 478 1294 non
502 1233 585 1307 erat,
613 1229 743 1293 conlato
767 1228 891 1294 uiritim
915 1230 1035 1314 exiguo
1060 1230 1164 1296 tritico

154 1340 275 1403 paucas
294 1339 371 1382 oues
386 1323 546 1402 pauerunt
569 1317 625 1401 <et
640 1317 798 1403 egerunt>
822 1318 856 1382 in
878 1317 1028 1382 hostium
1051 1320 1165 1405 praesi-
1190 1320 1194 1328 '

155 1407 223 1471 dia:
247 1408 364 1491 quibus
388 1407 529 1491 exceptis
552 1410 586 1470 et
608 1406 734 1487 occisis,
757 1427 829 1470 curn
848 1406 1005 1471 frumenti
1029 1408 1165 1492 uestigia

154 1497 189 1561 in
224 1496 403 1561 uisceribus
441 1517 551 1559 aarum
589 1496 836 1580 apparuissent,
874 1495 1031 1579 opinatus
1064 1496 1163 1562 hostis

102 1604 134 1654 16
154 1605 308 1670 magnam
332 1585 400 1649 uim
423 1584 527 1649 tritici
547 1605 715 1667 superesse
738 1584 794 1666 eis,
818 1584 873 1668 qui
895 1584 970 1649 inde
993 1585 1097 1651 etiam
1116 1607 1164 1671 pe

154 1696 230 1740 cora
252 1677 437 1758 pascerent,
460 1673 596 1738 recessit
620 1672 660 1738 ab
685 1672 863 1738 obsidione.

221 1764 250 1827 6.
283 1761 510 1846 Thrasybulus
534 1762 597 1826 dux
619 1761 835 1845 Milesiorum,
860 1775 932 1826 cum
955 1762 1059 1848 longa
1082 1762 1160 1829 obsi·

153 1852 247 1916 dione
271 1852 392 1916 milites
417 1852 468 1917 sui
492 1854 688 1937 angerentur
712 1851 753 1914 ab
776 1849 947 1933 Halyatte,
976 1852 1036 1934 qui
1060 1872 1161 1937 spera·

152 1940 210 2004 bat
234 1962 289 2005 eos
313 1939 354 2005 ad
377 1939 574 2005 deditionem
600 1939 686 2004 fame
715 1960 813 2024 posse
837 1938 1002 2023 compelli,
1033 1939 1093 2005 sub
1116 1938 1161 2006 ed·

99 2048 133 2097 20
154 2033 287 2094 uentum
301 2030 485 2115 legatorum
500 2028 667 2113 Halyattis
681 2026 882 2092 frumentum
901 2049 997 2092 omne
1012 2028 1048 2093 in
1061 2029 1161 2095 forum

152 2118 304 2203 compelli
336 2118 434 2182 iussit
466 2121 500 2182 et
531 2116 692 2182 conuiuiis
726 2116 785 2181 sub
818 2116 851 2180 id
882 2119 1015 2202 tempus
1039 2117 1160 2183 institu-

151 2207 195 2272 tis
219 2229 277 2292 per
299 2209 403 2272 totam
427 2207 540 2271 urbem
565 2205 676 2291 epulas
699 2205 879 2287 praestitit:
903 2208 1003 2289 atque
1027 2205 1077 2271 ita
1098 2226 1160 2292 per·

151 2297 256 2359 suasit
276 2295 367 2360 hosti
390 2316 559 2378 superesse
583 2294 664 2380 ipsis
688 2294 799 2377 copias
807 2345 815 2377 ,
838 2294 955 2378 quibus
979 2294 1159 2360 diuturnam

151 2385 351 2448 sustinerent
375 2383 586 2451 obsidionem.
624 2433 626 2437 .

97 2605 130 2654 25
176 2595 250 2650 XVI.
280 2594 355 2661 Qun
373 2592 535 2648 RATIONE
554 2592 821 2650 PRODITORIBUS
839 2592 887 2647 ET
905 2591 1136 2650 TRANSTUGIS

530 2680 782 2738 OCCURRATUR.

217 2830 245 2894 1.
279 2827 432 2894 Claudius
455 2826 642 2913 Marcellus,
673 2827 803 2911 cognito
832 2825 968 2923 consilio
993 2825 1030 2894 1..
1052 2825 1159 2919 Bantii

218 2993 236 3041 4
254 2988 424 3042 frumentum
439 2985 482 3040 Ηι
499 2987 504 3054 Ι
520 2984 736 3040 uidebantur-
751 2986 812 3038 tota
829 2999 880 3039 em.
895 2983 940 3038 H¹
956 2985 961 3053 Ι
978 2988 1012 3038 11
1032 2999 1158 3038 ascensus

147 3061 167 3115 d
187 3060 191 3132 l
214 3065 246 3114 12
265 3075 369 3128 paucas
384 3073 450 3112 ones
464 3072 515 3111 nos
528 3072 633 3125 pancas
648 3071 681 3110 eo
696 3056 731 3108 H
745 3057 794 3110 aut
813 3071 894 3110 caseo
908 3055 936 3109 P
957 3071 1027 3110 oues
1045 3070 1081 3109 eo
1094 3054 1157 3110 Oud

146 3130 268 3201 pecudes
288 3147 320 3185 eo
335 3129 437 3184 Hortel
452 3130 456 3198 l
473 3129 502 3182 et
519 3129 637 3196 egerunt
656 3127 719 3181 add.
736 3127 838 3180 Hortel
855 3125 1083 3195 pepuleruntque
1101 3125 1158 3181 add

148 3202 218 3257 Orat.
236 3201 240 3270 Ι
266 3203 295 3256 et
312 3201 342 3254 in
355 3202 381 3254 h.
400 3216 442 3268 pr.
462 3197 628 3252 dimiserunt
640 3199 722 3266 cdd!
746 3203 779 3252 13
799 3195 898 3252 occisis
917 3197 1047 3266 quicum
1068 3197 1115 3268 ΡΙ
1131 3201 1158 3250 11

146 3270 336 3340 Thrasybulus
354 3272 414 3326 edd.
434 3271 493 3324 coll.
512 3268 644 3324 Herodot.
659 3275 685 3336 1,
700 3274 737 3325 21
757 3267 918 3323 Thrasibius
934 3267 996 3322 ΟΠ
998 3267 1044 3338 ΡΙ
1063 3273 1097 3322 18
1115 3268 1159 3322 ha·

146 3342 222 3411 lyate
241 3343 292 3410 ΗΙ
308 3347 343 3396 20
362 3341 486 3410 halyatis
504 3341 539 3395 H
556 3343 560 3409 l
581 3346 615 3394 21
636 3337 769 3410 compelli
786 3339 822 3394 H
836 3337 976 3408 compelle
997 3338 1026 3391 P
1043 3336 1161 3409 compel-

146 3412 204 3468 lere
218 3414 237 3467 d
251 3414 421 3482 comportari
433 3415 478 3468 cel
492 3413 606 3483 congeri
617 3413 686 3468 Orod.
704 3413 708 3480 Ι
724 3411 753 3465 id
769 3410 797 3464 P
813 3411 836 3464 it
851 3410 886 3465 H
897 3409 973 3465 idem
985 3408 1160 3466 Wacluasst

217 3490 250 3539 2⁷
271 3483 476 3610 Claudiuspcl.
491 3484 526 3538 H
528 3484 572 3554 Pl
588 3484 683 3540 Bantii
695 3480 799 3539 Nolani
817 3482 877 3537 edd.
896 3482 956 3537 coll.
970 3480 1037 3537 Leo.
1056 3484 1107 3550 23,
1119 3483 1159 3536 15.

147 3556 223 3611 Plat.
245 3556 337 3610 Marc.
358 3560 393 3611 10
431 3554 587 3611 ateinolani
604 3555 640 3611 H
653 3556 721 3628 bate
739 3552 847 3609 inolani
867 3553 895 3607 P
