2400 3944
121 198 164 263 22
326 196 402 252 IULI
421 193 599 251 FRONTINI
618 181 943 251 sunuuunnmon

27 424 42 449 χ
120 361 252 439 collem,
275 380 313 423 ex
337 379 400 443 quo
425 380 508 424 unus
532 358 573 424 ad
597 357 826 444 opprimendos
848 357 941 441 ipsos
965 358 1128 425 descensus

121 454 204 528 erat,
226 452 321 513 nocte
340 446 452 533 paucis
470 446 559 512 intra
577 452 685 513 castra
703 446 825 513 relictis
843 446 1040 532 imperauit,
1064 448 1129 513 mul·

120 544 173 605 tos
206 537 298 622 ignes
330 537 490 621 facerent,
527 536 705 620 eductoque
737 535 880 602 exercitu
911 538 947 600 et
979 537 1130 623 dispositu

120 628 205 693 ciroa
232 627 338 691 latera
364 625 549 711 praedictae
575 626 649 691 uiae
676 646 792 710 pessus
820 628 871 690 est
897 626 1046 692 uramire
1072 626 1130 692 bau

85 718 232 781 ubarosz
262 716 472 800 locorumque
499 714 684 799 iniquitate,
712 714 748 778 in
770 735 834 799 qua
861 714 931 799 ipse
955 714 1081 801 fuerat,
1104 716 1131 779 iu

119 806 193 870 illos
226 826 394 887 conuersa,
426 808 521 889 parte
553 804 711 868 exercitus
743 807 837 888 terga
869 824 983 868 eorum
1018 802 1131 888 cecidit,

118 897 211 979 parte
234 897 344 960 castra
366 895 461 977 cepit.

186 984 239 1050 25.
262 982 394 1061 Darius,
418 984 455 1045 ut
477 981 608 1046 falleret
627 978 764 1066 Scythas
787 979 945 1065 discessu,
970 1002 1071 1048 canes
1093 985 1132 1047 at-

119 1093 180 1156 que
214 1071 323 1136 asinos
355 1070 390 1135 in
423 1071 541 1135 eastris
573 1069 716 1154 reliquit:
753 1090 833 1154 quos
867 1090 940 1135 cum
978 1071 1132 1137 latrantes

68 1177 101 1226 10
120 1161 335 1242 undantesque
374 1158 480 1223 hostis
518 1159 658 1242 audiret,
698 1179 866 1224 remanere
897 1158 1038 1225 Darium
1076 1181 1133 1226 cre

120 1248 212 1314 didit.

186 1335 239 1401 26.
261 1333 410 1400 Eundem
434 1355 576 1401 errorem
596 1335 754 1402 obiectari
776 1336 899 1401 nostris
917 1334 1061 1422 Ligures
1083 1358 1133 1424 per

119 1424 249 1490 diuersa
275 1425 348 1489 loca
375 1423 512 1491 buculos
540 1425 665 1510 laqueis
690 1425 731 1490 ad
754 1426 885 1490 arbores
909 1425 1133 1511 alligaueruut,

119 1514 175 1599 qui
198 1512 320 1578 diducti
343 1513 562 1597 frequentiore
587 1515 714 1600 mugitu
738 1514 877 1599 speciem
899 1516 1132 1582 remanentium

69 1619 100 1668 15
119 1602 321 1688 praebebant
343 1601 496 1667 hostium.
1172 1684 1174 1689 Ι

186 1692 238 1757 27.
271 1689 403 1774 Hanno,
433 1693 473 1756 ab
497 1692 649 1756 hostibus
673 1693 817 1776 clausus,
840 1692 948 1756 locum
971 1692 1134 1776 eruptioni
1172 1694 1174 1717 '

120 1780 260 1846 maxime
279 1784 392 1864 aptum
412 1781 554 1866 adgestis
574 1780 700 1845 lenibus
721 1779 865 1845 materiis
884 1780 1045 1845 incendit:
1069 1786 1134 1847 tum

118 1870 214 1935 hoste
242 1869 283 1934 ad
306 1873 430 1936 ceteros
459 1870 564 1935 exitus
592 1869 820 1935 custodiendos
849 1872 987 1935 auocato
1015 1871 1134 1936 milites

118 1980 176 2043 per
211 1959 317 2044 ipsam
353 1960 519 2024 flammam
557 1958 679 2043 eduxit,
717 1957 901 2023 admonitos
934 1979 993 2023 ora
1026 1959 1134 2042 scutis,

67 2062 103 2112 2ο
121 2069 215 2113 crura
237 2051 330 2113 ueste
353 2053 532 2134 contegere.

187 2137 238 2203 28.
269 2134 450 2220 Hannibal,
477 2140 515 2201 ut
536 2136 743 2221 iniquitatem
766 2135 912 2201 locorum
935 2138 968 2200 et
991 2136 1136 2222 inopiam

119 2224 263 2288 instante
282 2223 384 2288 Fabio
404 2223 548 2289 Maximo
568 2226 736 2309 effugeret,
759 2227 857 2290 noctu
880 2225 1004 2309 boues,
1018 2226 1136 2309 quibas

120 2310 161 2377 ad
179 2333 301 2377 cornua
319 2311 493 2378 fasciculos
513 2313 710 2398 alligauerat
729 2315 975 2396 sarmentorum,
990 2314 1136 2380 subiecto

120 2401 196 2485 igne
225 2400 366 2483 dimisit3
395 2422 530 2486 cumque
558 2401 629 2484 ipso
658 2405 751 2469 motu
780 2403 983 2468 adolescente
1005 2403 1138 2468 flamma

66 2506 101 2556 25
119 2490 305 2554 turbaretur
323 2510 429 2573 pecus,
448 2510 569 2574 magna
588 2489 823 2556 discursatione
842 2495 979 2570 montes,
1002 2491 1038 2556 in
1057 2512 1138 2577 quos

120 2581 227 2644 aetum
256 2582 338 2660 erat,
367 2579 592 2645 conlustreuit.
633 2579 786 2664 Romani,
815 2580 870 2664 qui
899 2580 940 2645 ad
969 2581 1138 2664 speculan·

121 2666 197 2730 dum
217 2671 456 2751 concurrerant,
473 2668 580 2750 primo
599 2669 784 2754 prodigium
804 2669 929 2753 opinati
948 2672 1038 2754 sunt,
1064 2669 1139 2734 dein

119 2776 192 2820 cum
222 2758 311 2820 certa
333 2755 435 2820 Fabio
463 2758 719 2841 renuntiassent,
747 2758 804 2822 ille
831 2758 1025 2823 insidiarum
1049 2762 1139 2823 metu

120 2865 195 2910 suos
221 2845 336 2910 castris
365 2844 540 2911 continuit:
572 2846 705 2912 barbari
739 2846 917 2912 obsistente
944 2847 1034 2911 nullo
1064 2868 1140 2931 pro·

66 2952 101 3002 30
119 2934 198 2999 fecti
222 2938 306 2999 sunt.

193 3133 208 3181 1
223 3129 354 3184 decessus
364 3127 410 3182 Η1
425 3129 430 3197 Ι
446 3133 462 3182 2
476 3126 566 3182 multo
580 3127 723 3208 igneolil
739 3129 743 3197 Ι
760 3134 777 3183 4
790 3127 936 3199 praedicta
945 3128 981 3183 H
984 3127 1019 3194 P,
1038 3128 1118 3184 etad

120 3198 531 3325 r
545 3198 715 3338 ustus
741 3200 1017 3343 uiuimus
1031 3199 1140 3326 usu

121 3273 237 3394 ddlosoli
254 3310 409 3395 bucbbulos
419 3341 484 3396 ΗΡ
500 3314 620 3396 bubalos
639 3286 771 3406 eddllru
790 3342 904 3396 deducti
913 3342 949 3396 H
952 3313 995 3408 P,
1005 3358 1053 3397 em.
1067 3341 1140 3398 Oua.

120 3410 198 3465 edito
213 3409 293 3465 Stew.
310 3412 314 3476 Ι
332 3415 365 3465 12
379 3428 443 3466 cum
457 3413 529 3480 ΗΡ,
543 3429 590 3469 em.
606 3414 625 3469 d
640 3417 645 3481 1
661 3420 696 3469 24
709 3411 770 3483 ipse
785 3413 820 3469 Η
833 3415 837 3484 l
853 3413 1032 3468 adulescente
1042 3412 1138 3485 H¹Pl

121 3486 156 3535 22
175 3478 276 3536 deinde
294 3483 313 3538 d
333 3484 337 3549 Ι
362 3487 396 3537 28
415 3483 464 3538 ille
484 3483 519 3539 de
537 3485 556 3540 d
576 3487 580 3554 Ι
603 3491 637 3539 22
655 3483 775 3554 proiecti
794 3486 829 3538 Η
