2400 3944
135 189 179 255 90
336 189 411 246 IULI
429 187 607 245 FRONTINI
627 186 956 245 sTRsnEGnMATON

135 354 225 437 dixit,
248 357 318 418 tum
341 352 416 417 illos
439 352 610 419 uictoriam
630 353 775 439 adeptos,
797 373 871 418 cum
894 352 1072 438 quadridui
1093 356 1145 420 iter
1192 436 1194 443 Ι

135 442 233 508 biduo
257 441 479 525 corripuerint

229 615 263 671 Il.
292 617 340 671 DE
359 615 565 672 FALLENDIS
584 616 657 686 HIS,
678 615 740 682 QUI
758 614 1057 673 OBSIDEBUN'I'UR.

206 727 232 789 1.
256 724 420 792 Domitius
436 725 602 810 Caluinus,
621 748 694 792 cum
708 725 873 792 obsideret
885 724 1054 813 Lueriam,
1067 728 1151 813 oppi-

99 813 211 878 edum
234 813 401 900 Ligurum,
433 837 499 881 non
528 819 656 880 tantum
680 814 746 880 situ
768 818 802 880 et
834 812 1009 900 operibus,
1044 838 1151 883 uerum

135 904 236 969 etiam
269 907 551 989 propugnatorum
582 904 785 988 praestantia
816 906 944 983 tutum,
981 904 1150 972 circumire

135 1013 244 1058 muros
268 993 454 1077 frequenter
482 993 634 1058 omnibus
663 993 766 1078 copiis
793 992 942 1069 institut
961 992 1150 1081 easdemque

134 1081 284 1146 reducere
298 1083 332 1146 in
347 1087 462 1147 castra
499 1103 563 1167 qua
581 1081 812 1148 consuetudine
836 1080 978 1146 inductis
998 1082 1051 1148 ita
1070 1083 1151 1169 oppi-

135 1167 238 1253 danis,
261 1173 298 1233 ut
316 1171 484 1236 crederent
507 1170 748 1238 exercitationis
771 1168 805 1234 id
828 1170 937 1256 gratia
960 1170 1073 1237 facere
1092 1172 1151 1238 Ro

83 1272 116 1321 10
136 1279 283 1341 manum,
316 1263 349 1323 et
381 1260 422 1324 ob
454 1259 517 1324 hoc
547 1260 628 1324 nihil
659 1259 700 1325 ab
732 1280 769 1324 eo
802 1261 921 1324 conatu
950 1262 1150 1344 canentibus,

135 1367 258 1411 morem
272 1346 365 1411 illum
381 1348 613 1414 obambulandi
631 1349 666 1413 in
684 1348 829 1413 subitum
848 1347 968 1413 direxit
985 1349 1150 1434 impetum,

135 1435 365 1520 occupatisque
385 1436 553 1502 moenibus
573 1438 742 1522 expressit,
763 1439 801 1502 ut
825 1456 859 1502 sc
882 1436 974 1520 ipsos
998 1436 1149 1505 dederent

136 1523 296 1608 oppidani.

202 1613 231 1678 2.
265 1611 299 1679 Ο.
328 1613 475 1679 Duellius
507 1615 621 1680 consul
652 1613 789 1679 subinde
822 1613 1000 1680 exercendo
1033 1616 1148 1682 militas

82 1714 115 1763 15
134 1702 337 1788 remigesque
360 1707 552 1768 consecutus
576 1707 643 1787 est,
666 1707 704 1768 ut
727 1702 848 1768 securis
873 1700 1148 1791 Omthaginiemi·

134 1791 195 1855 bus
219 1793 374 1875 usquein
395 1792 427 1856 id
450 1797 578 1876 tempus
601 1792 753 1857 innoxiae
772 1791 1018 1858 consuetudinis
1044 1793 1144 1859 subito

135 1879 268 1945 admota
292 1882 397 1945 classe
420 1903 549 1945 murum
572 1883 755 1965 occuparet.

201 1969 231 2034 3.
262 1968 428 2034 Hannibal
447 1971 482 2034 in
499 1969 596 2035 Italia
615 1970 734 2035 multas
757 1969 854 2035 urbes
877 1969 974 2054 cepit,
998 1992 1077 2036 cum
1091 1969 1147 2036 Ro·

134 2079 304 2124 manorum
327 2059 444 2124 habitu
463 2057 619 2143 quosdam
639 2079 781 2141 suorum,
804 2080 843 2123 ex
866 2059 966 2143 longo
990 2059 1073 2125 bclli
1095 2080 1149 2125 usu

81 2157 115 2208 20
135 2145 234 2211 latine
258 2168 385 2231 quoque
408 2148 586 2233 loquentis,
609 2148 842 2232 praemitteret

201 2237 231 2301 4.
259 2235 402 2301 Arcades
421 2236 658 2301 Messeniorum
677 2237 846 2302 castellum
866 2235 1067 2321 obsidentes,
1089 2237 1149 2302 fac·

134 2323 176 2387 tis
201 2324 393 2408 quibusdam
423 2325 523 2390 armis
552 2325 592 2390 ad
621 2323 868 2390 similitudinem
897 2325 1086 2411 hostilium,
1114 2347 1147 2391 so

133 2414 279 2495 tempore
303 2435 367 2496 quo
392 2434 580 2479 successura
603 2415 668 2479 alia
697 2413 861 2498 praesidia
882 2414 935 2479 his
959 2416 1148 2499 explorare

134 2505 224 2584 runt,
251 2502 403 2567 instructi
433 2523 544 2568 eorum
573 2504 628 2587 qui
659 2503 931 2588 exspectabantur
955 2507 1076 2570 ornatu
1099 2503 1149 2569 ad·

80 2589 289 2675 remissique
312 2613 371 2675 per
389 2592 474 2657 hunc
493 2613 635 2658 errorem
653 2596 692 2657 ut
714 2592 803 2672 socii,
825 2592 1069 2676 possessionem
1091 2590 1150 2659 loci

135 2699 207 2743 cum
232 2681 340 2765 strage
363 2681 509 2746 hostium
532 2680 642 2765 adepti
665 2685 749 2746 sunt.

206 2856 307 2926 lcum]
327 2872 412 2925 quom
427 2855 453 2911 G
468 2857 473 2925 Ι
490 2854 705 2925 quadruduiiter
723 2856 814 2924 (prior
831 2855 842 2909 i
860 2856 910 2911 aab
929 2855 978 2911 lia.
998 2854 1151 2926 additam

133 2926 298 2994 quadriiiter
312 2928 464 2997 (uirpulam
479 2929 543 2983 add.
557 2927 587 2995 b)
602 2927 638 2981 H
650 2930 654 2995 Ι
671 2933 686 2981 2
706 2927 792 2982 biduo
805 2927 859 2982 tP
875 2925 960 2982 dubio
980 2926 1079 2998 ⁶11¹!
1095 2944 1151 2984 cor·

133 2996 271 3066 ripuarint
291 2996 319 3054 0.
338 2999 431 3053 Barth
449 2998 604 3067 eripuerint
623 2997 689 3053 GH
691 2998 720 3051 P

205 3076 221 3123 3
236 3070 270 3125 iis
288 3069 349 3124 GP
364 3072 368 3136 Ι
385 3069 577 3125 obsidenturd
593 3072 597 3136 Ι
613 3069 789 3124 tobsederet
808 3067 985 3139 (prioreeci
997 3067 1037 3138 G)
1055 3066 1148 3139 affl

133 3137 251 3196 lueriam
272 3140 338 3195 GH
339 3142 367 3194 P
384 3142 479 3195 lunam
497 3142 525 3206 d,
544 3141 616 3209 quod
633 3142 733 3211 recepit
750 3139 819 3195 Oud.
834 3141 893 3196 coll.
912 3138 979 3194 Lis.
998 3145 1045 3208 41,
1063 3146 1100 3197 13
1116 3143 1121 3211 Ι
1136 3146 1150 3194 6

134 3212 274 3267 circumiri
293 3213 338 3281 ΡΙ
355 3217 371 3266 8
390 3212 487 3268 castris
508 3210 590 3284 GH}
612 3210 820 3267 consuetudinis
833 3211 878 3266 11¹
894 3213 898 3281 Ι
916 3216 948 3266 11
968 3210 1152 3267 obambulan-

133 3281 176 3335 dis
198 3282 280 3348 GH!
297 3282 405 3338 derexit
425 3281 520 3356 6112
541 3282 759 3357 occupantisque
777 3283 823 3338 H¹
843 3287 848 3351 Ι
874 3288 907 3337 14
926 3280 1012 3338 Gaius
1035 3282 1083 3353 θΙ
1103 3285 1151 3338 du·

132 3349 209 3407 illius
227 3351 279 3408 bG
302 3356 306 3420 Ι
333 3359 365 3408 16
385 3353 645 3425 carthaginensibus
664 3354 700 3409 H
721 3356 725 3420 Ι
747 3359 780 3409 16
798 3354 955 3409 innexaeb
980 3355 984 3423 Ι
1006 3359 1041 3410 17
1060 3369 1150 3409 muro·

132 3439 194 3477 rum
216 3423 242 3478 G
258 3426 262 3491 Ι
279 3430 313 3478 20
331 3426 477 3493 loquentes
496 3425 542 3494 ΡΙ
562 3432 596 3480 23
615 3425 650 3480 iis
671 3425 747 3493 θΡΙ
764 3425 978 3495 explorauerant
995 3426 1015 3480 d
1032 3430 1089 3492 124
1107 3441 1151 3481 ex·

133 3495 336 3620 spectabuntur
349 3497 394 3551 Η1
411 3499 414 3565 Ι
431 3495 602 3566 admisisque
612 3496 657 3552 H¹
678 3497 681 3568 l
702 3502 736 3551 2⁶
754 3497 933 3565 possessiomi
946 3495 991 3551 H¹
1006 3496 1012 3566 Ι
1029 3502 1065 3552 26
1084 3499 1150 3552 stra·

131 3568 196 3638 tege
