2392 3944
407 206 516 261 LIBER
534 207 555 263 Ι.
583 206 661 263 cAP.
680 214 704 264 8.
1023 208 1065 272 27

56 367 375 456 Carthaginiensibus
398 369 542 435 habebat
565 369 796 455 consiliumque
820 372 888 437 eius
910 372 1065 437 aduersus

10 496 13 501 ·
55 457 217 525 Romanos
235 458 426 542 instruebat,
446 458 566 524 crebris
587 481 659 524 cum
678 458 865 525 Hannibale
885 461 1065 545 conloquiis

53 549 238 629 effecerunt,
260 551 298 612 ut
319 547 348 612 is
371 547 441 631 regi
454 548 556 612 'fieret
577 552 759 632 suspectus,
782 550 833 614 cui
857 550 1065 636 gratissimus

52 636 198 789 alioqudn
220 640 253 700 et
276 636 365 700 utilis
385 640 454 700 erat
476 640 609 721 propter
628 637 840 702 calliditatem
860 642 894 703 et
911 639 1064 722 peritiam

51 726 156 791 bellan
180 725 200 789 i.
1084 745 1100 792 o

113 815 144 880 8.
173 811 211 888 Q.
230 811 380 877 Metellus
405 811 559 878 aduersus
582 813 776 898 Iugurtham
801 814 924 878 bellum
947 834 1064 898 gerens

48 903 167 968 missos
192 900 234 967 ad
257 923 291 966 se
314 901 442 986 legatos
465 902 534 966 eius
558 901 712 986 corrupit,
740 905 778 966 ut
807 902 870 967 sibi
893 903 1064 986 proderent

46 1013 174 1078 regem3
198 1011 272 1055 cum
295 993 329 1054 et
352 990 409 1055 alii
428 990 608 1074 uenissent,
631 991 717 1055 idem
740 991 831 1074 fecit3
855 992 969 1056 eodem
993 1013 1065 1056 con-

46 1080 121 1147 silio
144 1101 225 1145 usus
248 1081 299 1144 est
321 1082 354 1143 et
377 1079 533 1144 aduersus
556 1080 681 1145 tertios.
729 1080 784 1144 sed
808 1080 847 1144 de
872 1079 1064 1165 captiuitate

46 1168 226 1254 Iugurthae
247 1189 300 1232 res
323 1189 438 1252 parum
462 1169 630 1252 processit:
659 1169 772 1233 uiuum
793 1170 879 1234 enim
898 1169 984 1234 tradi
1003 1169 1065 1234 sibi
1084 1185 1118 1234 10

10 1266 17 1321 ’.“
45 1258 187 1324 uolebat.
233 1256 409 1341 plurimum
436 1262 548 1322 tamen
576 1260 765 1322 consecutus
794 1262 858 1322 est:
885 1280 962 1323 nam
991 1280 1062 1323 cum

45 1348 247 1430 interceptae
279 1345 420 1411 fuissent
452 1346 611 1430 epistulae
640 1347 707 1411 eius
736 1346 776 1410 ad
804 1348 912 1432 regios
941 1348 1063 1413 amicos

44 1436 202 1520 scriptae,
230 1434 265 1498 in
294 1435 400 1499 omnis
425 1455 479 1499 eos
503 1456 560 1499 rex
584 1435 816 1500 animaduertit
839 1436 1063 1520 spoliatusque

44 1523 191 1590 consiliis
216 1523 338 1587 amicos
362 1527 477 1606 postea
499 1545 615 1606 parare
638 1546 704 1588 non
727 1525 842 1608 potuit.

111 1613 144 1678 9.
174 1610 210 1678 (l.
234 1609 368 1695 Cacsar,
399 1633 457 1696 per
484 1616 655 1695 exceptum
684 1613 844 1696 quendam
873 1616 1062 1698 aquatorem
1084 1627 1117 1676 15

43 1723 119 1768 cum
145 1701 359 1784 comperisset
381 1699 552 1764 Afranium
575 1700 801 1784 Petreiumque
830 1705 937 1766 castra
964 1707 1063 1765 noctu

45 1793 209 1873 moturos,
244 1793 282 1853 ut
316 1788 399 1854 citra
435 1789 642 1853 uexationem
681 1811 812 1853 suorum
849 1789 983 1854 hostilia
1017 1789 1064 1853 in·

44 1879 173 1964 pediret
195 1876 344 1961 consilia,
372 1877 468 1943 initio
493 1878 604 1941 statim
627 1877 734 1941 noctis
757 1899 837 1941 uasa
860 1877 1062 1943 conclamare

45 1968 167 2033 milites
187 1970 222 2031 et
239 1970 368 2050 practer
388 1966 646 2031 aduersariorum
666 1968 774 2030 castra
793 1966 847 2050 agi
865 1965 970 2030 mulos
991 1987 1063 2030 cum

44 2056 180 2122 fremitu
209 2059 242 2120 et
269 2076 348 2120 sono
375 2055 484 2120 iussitt
514 2054 703 2118 continuere
732 2075 780 2136 se,
809 2076 889 2137 quos
918 2058 1062 2120 retentos
1082 2070 1117 2119 20

44 2146 193 2229 uolebat,
216 2143 364 2209 arbitrati
388 2147 496 2209 castra
518 2141 691 2209 Caesarem
714 2163 853 2208 mouere.

113 2235 166 2300 10.
199 2231 308 2317 Scipio
336 2233 510 2297 Africanus
543 2233 584 2297 ad
615 2231 804 2315 excipienda
836 2231 957 2296 auxilia
990 2253 1062 2296 oum

43 2323 281 2390 commeatibus
310 2320 490 2386 Hannibali
522 2321 711 2405 ueni<entia
737 2319 935 2404 Min>ucium
964 2320 1062 2386 Ther·

43 2434 135 2489 mum
159 2411 297 2492 dimisit,
315 2410 385 2495 ipse
409 2411 636 2475 subuenturus.

112 2501 165 2567 11.
194 2499 370 2584 Dionysius
395 2497 674 2583 Syracusanorum
697 2502 869 2583 tyrannus,
893 2519 965 2562 cum
989 2496 1063 2563 Afri
1082 2513 1115 2561 25

43 2589 175 2675 ingenti
207 2589 416 2653 multitudine
447 2587 615 2653 traiecturi
648 2592 757 2653 essent
784 2587 819 2651 in
847 2585 993 2652 Siciliam
1022 2585 1064 2651 ad

45 2700 119 2744 eum
144 2676 411 2762 oppugnandum,
434 2677 571 2742 castella
593 2676 743 2760 pluribus
767 2676 847 2740 locis
872 2675 1063 2740 communiit

45 2766 300 2850 custodibusque
324 2766 503 2850 praecepit,
529 2770 566 2829 ut
589 2787 627 2828 ea
650 2765 834 2829 aduenienti
857 2764 945 2828 hosti
969 2763 1062 2828 dede·

44 2860 119 2921 rent
142 2855 331 2940 dimissique
355 2853 530 2939 Syracusas
555 2854 679 2919 occulte
702 2854 854 2918 redirent.
895 2851 985 2916 Afris
1008 2872 1062 2915 ne·

118 3018 132 3066 1
154 3011 416 3082 carthaginensibus
427 3012 462 3065 Η
473 3014 478 3080 Ι
501 3011 696 3066 defferuntH
707 3016 770 3066 uate
784 3025 853 3065 corr.
870 3008 875 3079 Ι
891 3014 908 3061 4
923 3006 1062 3079 alioquin]

45 3081 172 3153 alloquio
187 3083 239 3152 ΗΙ
256 3089 272 3138 o
287 3082 331 3136 iur
344 3083 477 3152 gurtham
490 3082 542 3152 ΗΙ
561 3088 593 3136 10
608 3081 651 3137 iur
665 3083 785 3151 gurthae
799 3080 850 3138 Hl
868 3085 901 3133 12
916 3079 1063 3147 incoeptae

44 3156 89 3211 H¹
105 3158 110 3225 Ι
129 3159 164 3209 14
183 3153 350 3209 consiliariis
363 3155 382 3210 d
397 3155 402 3223 l
420 3158 452 3209 18
468 3154 598 3225 consilia]
614 3171 678 3208 oum
692 3151 809 3207 consilio
823 3151 858 3206 H
871 3152 875 3219 Ι
892 3148 1064 3205 conclamari

45 3228 129 3282 deleto
149 3223 430 3280 militemnque
446 3224 450 3294 l
471 3230 505 3279 20
524 3242 623 3279 sonum
639 3225 685 3291 ΡΙ
702 3223 865 3277 continuare
883 3222 934 3277 uP
948 3223 952 3290 Ι
968 3236 998 3274 se
1012 3237 1063 3276 om.

45 3297 92 3366 ΡΙ
119 3313 207 3364 equos
225 3296 260 3352 Η
284 3296 400 3365 siquos
419 3296 521 3351 Παντεῖ
543 3299 547 3365 1
573 3300 606 3350 21
627 3294 758 3349 arbitrari
777 3293 821 3363 ΡΙ
847 3311 864 3348 a
883 3309 993 3348 caesara
1013 3293 1041 3348 P
1059 3294 1061 3363 l

43 3372 79 3423 23
94 3365 251 3422 hannibale
266 3367 301 3422 Η
304 3366 339 3435 Ρ,
358 3384 405 3423 em.
419 3367 504 3422 Groa.
524 3364 684 3422 hannibalis
698 3366 717 3420 d
732 3367 737 3434 Ι
753 3363 896 3420 uenientia
909 3363 1065 3419 Minucium

45 3439 133 3494 Grors.
157 3436 311 3493 uentitinm
326 3438 360 3492 H
363 3437 391 3491 P
409 3437 554 3493 uenientia
572 3435 823 3506 (aduentantem.
842 3435 911 3491 Orod.
929 3435 1065 3505 126020-

44 3509 134 3565 nisius
154 3509 190 3564 Η
193 3510 228 3577 P,
246 3510 310 3564 item
328 3509 407 3576 infra
428 3511 432 3578 l
458 3515 491 3564 27
512 3507 686 3564 commonuit
704 3507 748 3561 Η1
776 3506 961 3562 communiuit
978 3507 1010 3561 b:
1028 3506 1063 3571 cf.

41 3597 73 3651 p.
92 3583 202 3648 28,18.
222 3584 299 3647 51,1
315 3583 320 3650 Ι
339 3585 374 3634 28
394 3579 532 3636 dederunt
545 3581 577 3634 Η
594 3586 659 3636 onte
676 3595 746 3635 cor-r.
767 3581 771 3648 l
797 3584 830 3634 29
851 3577 1014 3645 dimisisque
1033 3576 1069 3632 H
