2400 3944
418 201 730 273 mmuffls
1038 204 1080 297 φ

59 364 253 449 oneratique
279 365 401 449 pabulo
431 365 470 430 de
492 366 598 432 reditu
623 367 806 450 cogitarent
828 370 862 432 et
884 367 919 432 bi
942 389 1080 453 quoque,

60 455 120 540 qui
147 453 183 518 in
211 452 351 519 statione
382 454 526 536 fuerant,
559 455 666 539 quiete
696 454 828 522 inuitati
856 456 897 523 ad
924 456 1081 540 pabulum

10 615 16 621 ,
60 541 293 628 conligendum
308 541 538 627 dilaberentur,
556 543 666 611 emissi
680 545 822 629 primum
836 545 975 629 Hispani
993 545 1080 610 uelo-

59 632 163 699 citate
187 631 304 716 gentili
327 631 363 697 in
385 633 534 715 palantes
559 633 766 701 effunduntur
790 636 822 697 et
844 636 1081 701 conuulnerant

60 719 329 804 confunduntque
360 720 444 786 nihil
474 721 541 786 tale
571 725 804 806 exspectantes.
841 723 931 806 prius
964 722 1116 790 deindss

61 832 161 895 quam
187 806 299 874 resisti
325 809 377 874 his
403 809 574 894 inciperet,
604 811 725 877 scutati
756 814 930 893 erumpunt
953 832 970 874 e
994 811 1080 877 saltu

62 903 95 966 et
131 897 303 963 redeuntes
340 898 375 962 in
412 898 558 965 ordinem
599 902 811 965 consternant
851 902 1079 984 auertuntque:

61 986 265 1072 fugientibus
288 985 413 1070 equites
437 988 565 1055 inmissi
588 992 661 1053 toto
686 1009 741 1055 eos
766 988 889 1073 spatio,
912 1008 975 1073 quo
998 987 1080 1052 redi-

61 1077 160 1144 batur
183 1075 218 1139 in
241 1077 363 1159 castra,
397 1077 558 1160 persecuti
581 1077 729 1143 caedunt.
766 1079 912 1143 curatum
942 1099 1079 1162 quoque,

62 1186 104 1231 ne
128 1164 203 1249 quis
226 1163 397 1249 effugeret:
419 1187 497 1230 nam
520 1165 636 1249 reliqui
655 1163 734 1231 CCL
759 1167 883 1249 equites
907 1165 1080 1252 praemissi
1099 1184 1134 1235 10

61 1253 158 1319 facile
185 1273 245 1337 per
272 1253 464 1338 compendia
491 1254 646 1319 itinerum
674 1254 785 1320 effusis
813 1254 962 1340 habenis,
991 1259 1079 1321 ante-

15 1368 19 1415 ;
64 1363 160 1428 quam
183 1341 225 1407 ad
248 1345 356 1407 castra
378 1341 513 1426 Pompei
535 1342 775 1428 perueniretur,
798 1345 947 1410 conuersi
970 1366 1079 1411 oecur-

10 1510 16 1515 ,
61 1434 176 1497 rerunt
198 1431 260 1515 eis,
287 1431 342 1515 qui
370 1431 469 1516 primi
492 1431 655 1516 fugerent.
701 1434 741 1498 ad
765 1433 854 1498 ouius
878 1434 926 1498 rei
950 1455 1081 1499 sensum

60 1519 219 1603 Pompeio
243 1521 413 1586 emittente
437 1521 597 1605 legionem
627 1544 701 1588 cum
728 1521 768 1587 D.
792 1522 902 1587 Laelio
926 1523 962 1586 in
988 1544 1079 1606 prae-

11 1650 22 1687 .-,
62 1608 184 1675 sidium
207 1630 348 1694 suorum,
367 1609 517 1675 subducti
543 1610 579 1675 in
606 1611 754 1678 dextrum
782 1612 868 1676 latus
896 1611 985 1676 uelut
1013 1626 1132 1678 ees-15

10 1768 12 1773 ,
61 1700 176 1763 serunt
193 1695 332 1783 equites,
355 1697 470 1764 deinde
493 1699 662 1765 circumita
688 1700 815 1785 legione
843 1699 927 1764 hanc
951 1721 1079 1784 quoque

10 1844 14 1873 ·.
62 1785 124 1871 (a)
143 1790 239 1869 tergo
262 1785 508 1872 infestauerunt,
528 1810 601 1853 cum
619 1789 686 1854 iam
701 1791 733 1852 et
748 1811 768 1852 a
786 1789 893 1852 fronte
909 1787 964 1872 qui
978 1787 1080 1872 pabu-

61 1876 186 1942 latores
195 1877 356 1958 persecuti
366 1880 460 1943 erant
469 1876 685 1943 incursarent:
701 1876 746 1942 sio
758 1877 845 1961 legio
857 1898 985 1960 quoque
994 1877 1080 1942 inter

62 1964 142 2031 duas
162 1964 248 2029 acies
265 1964 409 2031 hostium
429 1987 502 2031 cum
525 1967 634 2050 legato
655 1988 712 2031 suo
732 1966 811 2032 elisa
829 1970 888 2030 est.
925 1966 965 2031 ad
989 1966 1079 2030 ouius

61 2052 262 2139 praesidium
289 2052 445 2138 Pompeio
472 2058 579 2121 totum
607 2055 760 2121 educente
788 2054 977 2138 exereitum,
1007 2052 1078 2119 Ser·
1097 2071 1133 2122 2ο

60 2143 167 2209 torius
208 2163 336 2226 quoque
373 2164 391 2207 e
428 2143 566 2211 collibus
608 2166 683 2209 suos
722 2145 898 2209 instructos
936 2143 1079 2209 ostendit

62 2231 245 2315 effecitque,
272 2251 314 2296 ne
336 2232 493 2316 Pompeio
521 2232 701 2316 expediret:
729 2233 777 2298 ita
805 2235 934 2316 praeter
962 2232 1080 2316 duplex

61 2321 228 2403 damnum,
246 2319 360 2385 eadem
379 2316 526 2387 sollertia
544 2322 696 2407 inlatum,
716 2325 932 2406 spectatorem
952 2342 1080 2406 quoque

10 2476 12 2481 ,
60 2431 136 2474 eum
161 2407 262 2473 eladis
292 2431 425 2476 suorum
454 2410 624 2478 continuit.
670 2411 731 2476 boe
754 2412 894 2494 primum
918 2411 1079 2496 proelium

59 2498 148 2563 inter
171 2495 350 2564 Sertorium
374 2502 408 2564 et
430 2498 620 2583 Pompeium
644 2500 719 2565 fuit:
742 2500 772 2565 X
795 2500 887 2565 milia
909 2499 1079 2564 hominum
1098 2514 1133 2565 25

134 2678 149 2726 1
168 2670 211 2725 hii
229 2670 264 2725 H
276 2674 281 2743 Ι
296 2679 312 2729 2
327 2672 511 2728 instructione
525 2673 560 2726 H
572 2675 576 2740 l
592 2674 746 2745 epulantis
768 2672 814 2743 ΡΙ
831 2679 847 2729 5
865 2674 936 2746 tale]
957 2676 1016 2730 tam
1027 2675 1061 2729 H
1075 2675 1078 2746 l

59 2750 76 2799 6
94 2743 269 2813 inciperetur
283 2746 302 2800 d
318 2747 323 2812 Ι
339 2745 516 2814 erumpentes
536 2745 610 2800 saltu
625 2745 660 2798 H
678 2749 682 2812 Ι
703 2752 718 2800 7
738 2745 879 2800 redeuntis
894 2745 939 2814 ΡΙ
957 2748 1079 2801 conster-

58 2816 133 2870 nunt
146 2814 184 2888 dl
200 2817 370 2885 uertuntque
382 2815 411 2869 P
428 2819 433 2884 Ι
449 2821 466 2870 8
485 2832 518 2871 eo
539 2816 571 2869 H
585 2817 589 2884 Ι
605 2816 766 2871 rediebatur
776 2815 844 2882 ΗΡ,
863 2817 963 2872 carad
978 2822 983 2885 Ι
1000 2823 1016 2870 9
1037 2833 1079 2871 ce-

59 2889 1078 2976 mmmmmmmmmfflmmfflm

59 2994 96 3051 H
109 2999 175 3050 onte
191 3009 248 3049 ras.
266 2994 353 3061 falsae
370 2994 489 3064 uestipia
507 2995 601 3049 doceat
620 2993 706 3052 ,COR
721 2996 739 3049 b
752 2996 783 3048 ia
797 3010 852 3049 ras.
872 2999 896 3050 et
910 2993 938 3045 P
954 2989 1024 3046 Dec
1038 2993 1057 3046 d
1073 2991 1078 3062 Ι

60 3071 94 3119 12
113 3065 271 3136 pompeiit
287 3068 291 3134 Ι
308 3067 486 3119 occurrerent
499 3065 533 3119 H
545 3064 550 3136 1
567 3070 600 3119 14
614 3066 729 3135 pompei
742 3065 787 3118 H1
803 3068 807 3132 Ι
824 3070 856 3119 15
876 3062 1020 3118 cesserunt
1037 3063 1079 3116 fu-

58 3137 201 3208 gientesd
216 3136 220 3208 Ι
238 3141 270 3190 16
286 3135 434 3194 circumita
447 3134 559 3207 legione
573 3138 712 3192 haesitans
725 3137 825 3204 scripsi
835 3139 986 3204 praeeunte
996 3134 1079 3189 Zerb-

58 3209 183 3264 meietero
201 3210 231 3262 et
249 3225 312 3262 eum
330 3207 372 3263 ita
390 3208 502 3277 legione
519 3207 675 3278 (legionem
696 3208 734 3273 P)
752 3205 787 3260 H
789 3207 826 3261 P:
844 3207 976 3261 uidentur
991 3207 1079 3276 pluro

59 3280 193 3334 excidisse
216 3283 221 3346 Ι
246 3283 277 3333 17
298 3280 436 3334 aeddd
461 3276 689 3343 {infestauerunt
709 3277 744 3332 H
762 3276 930 3332 infestarent
951 3277 978 3330 P
1002 3277 1079 3336 liam

59 3351 148 3405 etiam
167 3351 207 3421 dl
227 3354 261 3404 22
282 3349 375 3405 effecit
393 3366 504 3418 quoque
523 3349 558 3402 H
562 3351 597 3418 P,
612 3366 680 3405 corr.
696 3352 715 3405 d
735 3349 739 3422 l
760 3354 824 3404 uate
842 3348 985 3419 expediret
1004 3350 1078 3403 locu-

58 3438 127 3478 nam
144 3437 199 3476 esse
216 3421 410 3489 suspirabatur
426 3421 542 3477 Haedus
559 3422 589 3475 id
607 3422 788 3490 supplendam
803 3421 949 3490 proposuit
963 3420 1057 3475 Wosse
1076 3420 1080 3490 l

60 3498 96 3547 24
115 3509 178 3548 eam
196 3492 232 3546 H
250 3495 255 3560 l
271 3494 357 3548 umba
374 3493 429 3548 boe
446 3492 567 3562 primum
588 3523 619 3532 -
639 3493 737 3547 auctor
756 3493 798 3546 est
816 3493 911 3546 dubito
930 3509 968 3546 aa
987 3492 1079 3547 alteas

58 3584 133 3638 sint:
151 3582 188 3649 of.
205 3582 295 3651 praef.
315 3581 335 3652 ἕ
354 3587 372 3638 9
396 3583 401 3651 Ι
427 3585 462 3636 25
482 3579 522 3636 .X.
543 3580 688 3635 hominum
707 3580 742 3635 H

880 3668 917 3702 R*
