2400 3944
24 100 27 107 '
140 117 182 182 58
343 114 419 172 rum
437 114 615 171 saourrur
635 113 960 172 sraaraenuarou

504 308 538 364 V.
565 309 614 365 DE
632 308 788 367 INSIDIIS.

209 440 236 504 1.
259 439 427 519 Romulus,
445 459 504 522 per
524 437 669 503 latebras
688 437 857 522 copiarum
875 441 971 523 parte
991 438 1151 524 disposita,

140 551 213 594 cum
246 527 286 592 ad
320 526 456 591 Fidenas
494 527 698 610 accessisset,
735 527 887 592 simulata
923 527 1005 612 fuga
1041 532 1151 593 temere

139 617 250 682 hostes
273 615 436 681 insecutos
461 636 498 680 eo
522 614 684 698 perduxit,
707 614 763 679 ubi
787 615 930 681 occultos
954 615 1082 682 milites
1103 616 1151 681 ha

104 724 120 772 5
139 706 247 790 bsbat,
265 706 321 790 qui
334 704 474 789 undique
488 703 597 769 adorti
615 703 733 768 effusos
748 707 782 768 et
798 703 947 770 incautos
962 704 1152 770 ceciderunt.

207 795 236 859 2.
261 792 298 870 Q.
311 792 432 859 Fabius
451 790 614 858 Maximus
634 791 758 877 consul,
776 791 897 858 auxilio
917 791 1065 859 Sutrinis
1084 794 1153 859 mis

140 906 194 948 sus
224 883 378 948 aduersus
404 880 577 965 Etruscos,
605 902 718 945 omnes
745 880 892 947 hostium
920 883 1035 967 copias
1063 884 1098 949 in
1124 903 1152 947 so

140 972 315 1054 conuertit3
347 969 460 1035 deinde
493 969 648 1035 simulato
681 969 799 1034 timore
826 970 861 1035 in
889 970 1063 1055 superiora
1091 972 1154 1037 loca

139 1061 230 1125 uelut
261 1059 389 1144 fugiens
421 1059 555 1123 recessit
586 1058 749 1141 effuseque
778 1058 953 1124 subeuntes
983 1058 1153 1145 adgressus

90 1167 121 1216 10
140 1170 206 1214 non
234 1148 303 1213 acie
330 1150 458 1211 tantum
488 1147 670 1230 superauit,
702 1145 757 1211 sed
786 1147 885 1212 etiam
913 1147 1033 1213 caetris
1063 1149 1154 1214 exuit

207 1236 236 1302 3.
261 1234 469 1319 Sempronius
493 1233 658 1301 Gracchus
683 1234 838 1301 aduersus
862 1234 1048 1302 Celtiberos
1072 1240 1155 1303 metu

140 1324 293 1391 simulato
318 1323 480 1389 continuit
501 1324 691 1410 exercitum3
715 1325 835 1389 emissa
857 1324 971 1389 deinde
989 1330 1156 1409 armatura¹

140 1414 218 1497 leui,
241 1434 324 1497 quae
346 1412 475 1478 hostem
496 1413 670 1478 lacesseret
688 1434 726 1479 ac
745 1414 860 1478 statim
878 1413 994 1498 pedem
1012 1414 1155 1496 referret,

141 1503 292 1568 euocauit
323 1501 448 1566 hostes:
480 1500 595 1567 deinde
624 1501 827 1567 inordinatos
855 1502 1044 1588 adgressus·
1059 1524 1156 1590 usque
1195 1564 1198 1587 ,

89 1606 121 1656 15
141 1612 178 1656 eo
202 1591 331 1675 cecidit,
354 1593 391 1655 ut
414 1590 514 1655 etiam
537 1594 646 1655 castra
668 1594 807 1674 caperet.
1170 1672 1173 1677 Ι
1196 1598 1198 1607 “

206 1681 236 1744 4.
272 1679 309 1746 L.
331 1678 482 1744 Metellus
511 1678 622 1745 consul
650 1679 685 1742 in
713 1677 825 1745 Sicilia
851 1680 973 1745 bellum
1001 1680 1156 1747 aduersus

139 1768 379 1834 Hasdrubalem
407 1788 538 1852 gerens,
568 1767 610 1832 ob
638 1767 805 1850 ingentem
832 1769 901 1833 eius
925 1770 1157 1837 exercitumet

139 1855 259 1922 CXXX
282 1856 471 1941 elephantos
494 1855 663 1937 intentior,
687 1856 841 1921 simulata
864 1856 1049 1923 diffidentia
1072 1859 1157 1923 intra

139 1944 360 2012 Panhormum
389 1945 499 2030 copias
524 1945 632 2009 tenuit
653 1945 840 2030 fossamque
864 1947 1005 2031 ingentis
1031 1948 1157 2034 magni-

87 2051 120 2100 ao
138 2034 261 2099 tudinis
286 2039 362 2098 ante
386 2033 538 2099 seduxit
576 2037 748 2118 conspecto
772 2034 887 2099 deinde
911 2036 1056 2102 exercitu
1076 2036 1157 2101 Has·

140 2121 298 2205 drubalis‚
322 2122 378 2206 qui
401 2123 435 2186 in
458 2123 564 2205 prima
582 2122 652 2187 acie
670 2121 861 2206 elephantos
883 2123 1044 2209 habebat,
1066 2145 1157 2210 prae·

140 2210 226 2294 cepit
252 2210 409 2293 hastatis,
435 2210 503 2275 tela
524 2211 559 2275 in
582 2211 695 2275 beluas
718 2211 861 2277 iacerent
884 2212 1102 2298 protinusque
1125 2234 1157 2279 sa

139 2300 227 2365 intra
250 2299 450 2363 munimenta
473 2299 661 2382 reciperent.
706 2321 745 2364 ea
769 2300 989 2366 ludificatione
1011 2306 1154 2368 rectores

139 2387 385 2472 elephantorum
415 2388 570 2453 concitati
601 2388 637 2452 in
668 2388 775 2471 ipsam
806 2390 929 2454 fossam
962 2390 1155 2474 elephantos

87 2479 292 2562 abegerunt:
327 2497 390 2560 quo
423 2480 460 2541 ut
486 2476 627 2561 primum
656 2476 749 2541 inlati
777 2481 866 2563 sunt,
898 2478 1019 2562 partim
1050 2478 1156 2545 multi·

139 2564 250 2630 tudine
281 2564 421 2629 telorum
454 2564 606 2649 confecti,
641 2564 761 2649 partim
794 2570 882 2632 retro
914 2568 949 2631 in
982 2589 1062 2633 suos
1096 2565 1155 2633 acti

139 2656 245 2718 totam
269 2654 371 2719 aciem
394 2654 617 2720 turbauerunt
658 2656 736 2719 tunc
758 2653 924 2739 Metellus,
948 2655 1037 2721 hanc
1061 2676 1153 2742 oppe-

140 2743 226 2807 riens
251 2743 468 2827 occasionem,
491 2764 564 2807 cum
586 2745 657 2807 toto
682 2743 826 2809 exercitu
845 2745 954 2828 erupit
972 2748 1006 2809 et
1024 2745 1152 2831 adgres-

139 2853 194 2897 sus
224 2854 244 2897 a
270 2832 371 2898 latere
400 2832 525 2897 Poenos
557 2831 674 2896 cecidit
705 2831 851 2918 ipsisque
879 2835 942 2915 [ut]
971 2834 1153 2917 elephantis

85 2937 120 2985 30
138 2921 262 3007 potitus
286 2926 344 2985 est.

211 3065 226 3114 3
245 3059 381 3113 fidenates
394 3060 426 3114 b.-
444 3059 491 3114 secl
504 3060 539 3126 cf.
553 3058 619 3113 Isiu
634 3061 662 3125 1,
676 3063 711 3113 14
727 3061 731 3128 Ι
751 3066 769 3114 4
787 3059 948 3129 perduxerit
958 3060 994 3115 H
1006 3062 1010 3126 Ι
1027 3062 1151 3116 tinear-

137 3133 182 3186 tos
198 3130 244 3197 (in
256 3130 456 3199 tarasiam!
473 3134 488 3182 6
504 3129 558 3196 Qui
572 3129 607 3184 H
621 3135 685 3185 outa
698 3147 754 3185 roe.
771 3133 775 3200 Ι
792 3131 852 3185 8in
867 3131 1009 3199 superiore
1023 3130 1089 3188 loco
1102 3131 1136 3188 H

139 3207 171 3255 11
192 3199 374 3269 sympronius
388 3201 423 3255 H
439 3203 444 3270 1
467 3217 584 3271 gracum
600 3201 646 3271 ΡΙ
674 3206 706 3256 13
725 3201 864 3257 lacessaet
882 3202 926 3257 Η1
944 3201 1129 3259 lacessaretls

140 3277 173 3326 16
188 3270 218 3325 L.
229 3271 287 3325 Scr.
308 3270 340 3336 Q.
351 3271 428 3326 ΗΡ.·
442 3273 477 3339 cf.
492 3276 519 3340 1,
529 3275 581 3337 7,1
599 3273 603 3341 Ι
627 3278 660 3326 17
680 3272 871 3327 hastrubalem
885 3273 920 3328 H
932 3274 937 3343 1
954 3278 989 3328 19
1002 3273 1152 3343 phanthor·

137 3358 214 3396 mum
233 3340 268 3395 H
281 3357 447 3409 panormum
461 3343 511 3412 ΡΙ
532 3349 566 3399 20
585 3343 756 3398 hastrubalis
775 3344 810 3399 H
827 3345 831 3413 l
852 3350 886 3399 23
906 3343 952 3414 ea]
971 3347 1001 3400 et
1018 3361 1035 3400 a
1053 3346 1101 3415 ΡΙ
1120 3348 1151 3399 tt

138 3411 327 3481 inlaqueatid
343 3413 347 3484 Ι
363 3414 544 3469 multitudine
559 3414 688 3470 Herelius
711 3413 906 3484 magnitudine
918 3416 953 3471 H
957 3415 986 3469 P
1006 3432 1113 3486 magna
1125 3414 1152 3470 ui

141 3483 210 3539 Oua.
239 3482 377 3555 grandine
396 3484 478 3540 Goeta
498 3487 503 3551 Ι
525 3490 560 3540 29
579 3488 611 3539 ut
628 3487 717 3542 deleat
735 3489 764 3542 at
781 3488 840 3542 edel.
