2400 3944
416 185 563 242 LIBERI.
593 187 669 244 CAP.
689 193 767 243 4-5.
1056 189 1098 252 15

78 351 304 436 appellantur,
325 349 574 434 transnauigare
596 353 731 434 propter
748 350 999 431 Atheniensium
1018 351 1097 416 clas·

78 463 163 524 scm,
181 461 263 524 quae
282 439 562 522 opportunitatem
581 439 645 502 loci
664 439 876 524 custodiebat,
894 462 961 504 non
979 443 1098 524 posset,

78 528 214 613 scripsit
233 527 410 610 Antipatro
430 526 603 591 Thraciam
626 527 799 613 rebellare,
821 527 992 611 praesidiis
1015 550 1097 612 quae

77 619 129 684 ibi
152 617 329 700 reliquerat
351 616 553 698 interceptis:
577 619 765 700 sequeretur
784 617 935 681 omnibus
959 618 1097 683 omissis.

78 728 166 792 quae
194 710 232 768 ut
259 704 417 789 epistulae
444 704 713 788 interciperentur
746 705 787 768 ab
817 705 926 789 hoste,
958 706 1132 771 curauitto

79 795 315 875 Athenienses,
344 815 463 858 arcana
486 792 700 858 Macedonum
726 793 890 876 excepisse
913 793 989 876 uisi,
1016 794 1097 859 clas-

79 905 153 949 sem
177 881 394 966 abduxerunt,
417 881 590 965 Philippus
608 882 701 947 nullo
720 882 911 965 prohibente
931 884 1098 966 angustias

77 972 161 1036 freti
183 970 344 1036 liberauit.

94 1060 100 1071 ’
154 1061 226 1125 13a.
248 1059 350 1142 Idem,
363 1059 439 1142 quia
453 1057 718 1144 Cherronessum,
732 1080 814 1143 quae
828 1059 909 1123 iuris
924 1059 1099 1123 Athenien·

79 1150 170 1214 sium
185 1152 263 1230 erat,
282 1169 439 1232 occupare
458 1147 699 1231 prohibebatur,
718 1148 906 1212 tenentibus
924 1149 1098 1213 transitum
1118 1166 1150 1216 ιο

71 1260 150 1306 non
173 1237 404 1323 Byzantiorum
432 1239 575 1320 tantum,
604 1237 660 1301 sed
682 1236 884 1302 Rhodiorum
911 1259 1038 1322 quoquc
1067 1241 1099 1302 et

80 1325 241 1391 Chiorum
263 1325 415 1408 nauibus,
439 1325 626 1390 conciliauit
649 1325 774 1390 animos
799 1347 910 1390 eorum
933 1326 1097 1391 reddendo

78 1436 195 1494 naues,
208 1436 288 1500 quas
301 1417 440 1497 ceperat,
454 1414 547 1497 quasi
561 1417 742 1498 sequestres
756 1413 885 1480 futuros
900 1415 1097 1480 ordinandae

78 1504 175 1588 pacis
197 1503 282 1567 inter
305 1524 339 1567 se
358 1505 456 1586 atque
474 1501 667 1586 Byzantios,
691 1504 747 1587 qui
771 1525 868 1568 causa
890 1503 969 1568 belli
992 1508 1097 1568 erant:

78 1595 254 1675 tractaque
275 1612 335 1674 per
357 1611 511 1675 magnum
539 1596 667 1676 tempus
695 1593 929 1676 postulatione,
961 1614 1034 1657 cum
1058 1591 1150 1657 delo

79 1680 244 1746 industria
276 1679 412 1744 subinde
445 1680 567 1764 aliquid
597 1681 632 1744 in
659 1680 901 1744 condicionibus
928 1685 1097 1760 retexeret,
1141 1728 1146 1739 .

79 1771 222 1835 classem
245 1789 302 1853 per·
324 1768 357 1831 id
381 1771 509 1851 tempus
528 1768 737 1852 praeparauit
755 1790 855 1852 eaque
873 1770 908 1832 in
928 1769 1097 1852 angustias

79 1859 159 1923 freti
181 1858 331 1940 inparato
355 1856 448 1921 hoste
472 1857 598 1921 subitus
623 1858 735 1921 euasit.

153 1946 204 2011 14.
234 1943 391 2009 Chabrias
420 1944 644 2028 Atheniensis,
672 1966 744 2009 cum
772 1943 860 2008 adire
887 1948 1019 2028 portum
1042 1941 1098 2008 Sa-

78 2035 224 2100 miorum
244 2034 394 2098 obstante
413 2033 524 2098 nauali
541 2033 686 2098 hostium
709 2032 870 2115 praesidio
891 2055 959 2098 non
977 2037 1097 2117 posset,
1116 2050 1149 2100 1ο

76 2144 203 2209 paucas
232 2122 340 2186 esuis
368 2123 507 2187 nauibus
535 2125 665 2207 praeter
691 2125 821 2204 portum
854 2122 969 2187 missas
1001 2121 1097 2187 iussit

77 2213 239 2295 transire,
262 2211 452 2294 arbitratus,
481 2211 594 2295 quiin
618 2210 758 2276 statione
782 2215 887 2295 erant,
915 2216 1097 2295 persecutu-

77 2323 151 2367 ros:
174 2299 290 2384 hisque
309 2321 367 2382 per
387 2299 448 2364 hoc
467 2300 639 2364 consilium
658 2300 814 2382 euocatis,
835 2300 927 2365 nullo
947 2301 1097 2366 obstante

68 2393 215 2474 ‚portum
239 2410 312 2452 cum
334 2389 458 2472 reliqua
481 2387 617 2472 adeptus
641 2395 692 2453 est
714 2387 824 2453 classe.

186 2615 219 2671 V.
247 2614 296 2669 DE
315 2613 516 2670 EVADENDO
535 2613 585 2668 EX
603 2613 707 2670 LOCIS
726 2613 989 2671 DlFFICILLIMIS.
1116 2625 1149 2674 25

153 2743 181 2809 1.
205 2741 241 2818 Q.
257 2740 419 2807 Sertorius
443 2743 478 2806 in
500 2740 673 2825 Hispania,
697 2764 769 2806 cum
794 2765 813 2806 a
836 2744 929 2828 tergo
953 2743 1096 2807 instante

78 2831 177 2897 hoste
200 2831 320 2896 fiumen
342 2831 481 2897 traicere
502 2831 651 2914 haueret,
674 2831 798 2897 uallum
821 2831 856 2894 in
878 2831 951 2913 ripa
972 2831 1039 2895 eius
1062 2831 1097 2894 in

80 2989 211 3058 Cyaneae
230 2990 288 3044 edd.
316 2989 469 3059 Abydenus
491 2987 576 3056 Oud.;
604 2989 638 3055 cf.
664 2988 755 3057 praef.
774 2986 795 3058 §
813 2990 849 3040 14
872 2987 876 3052 l
901 2991 919 3038 4
941 2985 1105 3052 interfectis¹

80 3060 235 3127 Herelius!
259 3060 292 3113 ut
311 3061 447 3128 seunl
473 3065 581 3128 tquae
601 3077 615 3114 e
638 3101 643 3114 .
664 3059 696 3112 ut
714 3059 772 3114 edd.
794 3057 798 3128 l
823 3054 1043 3126 languetiisH
1081 3063 1096 3110 9

81 3130 150 3200 quia
167 3130 203 3184 H
206 3131 234 3184 P
260 3146 323 3194 oum
342 3132 376 3200 d;
395 3133 428 3198 cf.
448 3135 493 3199 13,
507 3134 547 3188 28
569 3133 573 3196 Ι
598 3077 809 3185 cherronessum
833 3129 957 3195 (cheron.
975 3127 1013 3195 P)
1063 3128 1098 3210 IJ,

80 3203 160 3270 Μ,
175 3206 202 3270 5,
213 3205 251 3256 42
276 3204 280 3268 Ι
311 3208 343 3256 10
362 3202 558 3271 prohiberetur
571 3201 647 3267 ΗΡ,
665 3217 734 3257 corr.
753 3202 787 3266 d;
805 3201 840 3267 cf.
856 3201 974 3267 raas!
1005 3204 1036 3253 11
1056 3198 1097 3252 br-

78 3275 205 3328 aantium
218 3273 289 3339 ΗΡ,
307 3289 377 3327 corr.
397 3275 435 3340 dl
457 3279 490 3326 13
509 3273 617 3328 futuras
636 3274 675 3339 dl
698 3278 731 3326 14
749 3270 886 3326 bizantios
905 3268 988 3339 ΗΡΙ
1011 3275 1044 3324 15
1064 3271 1098 3324 de

79 3361 131 3399 om.
151 3343 199 3413 ΡΙ
226 3350 258 3399 16
277 3345 416 3399 retexeret
434 3360 484 3398 one.
500 3342 534 3395 H
536 3342 545 3373 ¹
565 3346 569 3412 Ι
595 3349 628 3398 18
648 3343 752 3397 inuasit
766 3343 867 3398 Hurtel
883 3345 887 3409 Ι
905 3346 937 3394 19
958 3341 1099 3397 saniorum

80 3415 116 3470 H
132 3421 196 3470 autc
215 3431 284 3471 corr.
306 3417 310 3484 Ι
333 3419 367 3470 23
386 3414 476 3483 iisque
495 3413 555 3468 cdd.

156 3491 192 3541 25
216 3486 262 3558 ex]
289 3487 323 3541 de
342 3485 377 3539 H
398 3489 402 3554 Ι
427 3492 461 3540 27
485 3486 603 3539 haueret
627 3484 728 3539 Hartel
759 3484 877 3539 haberet
895 3483 960 3536 ΗΡ
985 3499 1098 3538 necesse

79 3558 200 3614 haberet
219 3557 305 3625 Oud.;
330 3574 368 3613 aa
385 3555 573 3612 traiciendum
590 3556 709 3610 haberet
726 3553 741 3610 2
759 3556 795 3624 cf.
809 3555 901 3627 praef.
920 3553 941 3626 §
956 3558 991 3608 14
