2400 3944
496 191 709 251 PRAEFATIO.
1059 194 1112 249 VII

94 356 257 439 p.137,22
281 356 522 441 praedictum
684 355 898 440 perdictam
926 354 981 421 H¹
1026 378 1110 441 per·

736 444 882 513 diccam
906 444 974 512 eP

161 533 251 609 Quae
274 555 347 599 curn
366 534 414 598 ita
432 534 507 618 sint,
529 557 570 599 ne
589 534 641 600 his
661 535 790 618 quidem
810 534 900 612 locis,
923 535 980 599 ubi
997 534 1018 599 1
1037 556 1111 600 cum

93 621 125 688 G
148 623 337 706 conspirare
361 623 465 688 uides:

91 733 124 796 p.
152 711 255 794 90‚14
278 711 441 777 duillius
464 711 515 778 tG
684 711 856 777 duellius
880 709 972 777 H¹P

131 801 253 881 119‚17
278 799 409 884 pedem
433 800 485 868 te
684 799 799 883 pedes
817 799 870 865 H¹
893 801 1062 884 peditem
1082 801 1114 866 P

92 890 261 971 exemplar
287 889 404 973 prioris
433 890 560 976 generis
583 892 800 955 correctorem
825 886 1025 973 adhibuisse,
1055 891 1109 954 sed

91 999 171 1042 casu
194 977 227 1041 in
252 978 335 1043 idem
359 979 512 1044 incidisse
530 979 638 1044 nescio
664 1000 705 1042 an
727 982 815 1044 recte
839 979 1020 1062 suspiceris.

160 1065 201 1130 In
224 1067 320 1131 rebus
345 1067 606 1153 orthographicis
630 1068 650 1132 1
672 1068 836 1150 permulta
858 1069 1010 1133 mutauit:
1033 1090 1109 1133 narn

90 1154 313 1240 incolomis,
355 1177 510 1241 urgere,
551 1157 616 1220 alia
653 1156 809 1241 correxit,
850 1157 1110 1240 praepositiones

91 1248 201 1308 autem
221 1265 323 1327 paene
344 1266 456 1309 omnes
475 1245 583 1309 uerbis
604 1245 820 1330 adsimulauit,
838 1249 875 1309 ut
893 1245 1110 1330 affirmare,

90 1333 251 1417 acgredi
281 1333 334 1397 uel
363 1333 538 1416 aggredi,
566 1333 779 1418 applicare,
806 1333 974 1416 assidue,
1007 1356 1108 1399 com-

87 1421 253 1505 pellere,
276 1421 487 1507 collocare,
509 1423 720 1488 immittere
742 1444 829 1487 nunc
851 1424 987 1508 legatur.

159 1509 392 1594 Exemplorum
411 1511 539 1577 litterae
558 1513 702 1578 initiales
717 1513 863 1577 alternae
877 1515 1060 1579 atramento
1077 1517 1108 1577 et

88 1599 189 1664 rubro
214 1598 323 1664 colore
347 1603 497 1666 exaratae
516 1605 608 1666 sunt:
633 1602 788 1686 quasdam
813 1622 890 1666 uero
915 1624 987 1667 curn
1011 1601 1107 1666 libra·

87 1685 158 1751 rius
177 1689 287 1753 colore
305 1689 440 1773 pingere
459 1690 635 1773 omisisset,
651 1693 813 1756 corrector
832 1689 1004 1774 suppleuit,
1018 1692 1109 1755 uelut

88 1799 121 1860 p,
136 1777 190 1862 41,
204 1777 234 1841 3.
251 1777 301 1842 15.
318 1778 368 1842 18.
391 1779 443 1862 42,
460 1780 509 1844 12.
525 1780 577 1844 21.
600 1779 653 1859 43,
668 1780 697 1843 2.
713 1779 742 1843 9.
757 1778 813 1862 20;
838 1778 922 1861 quod
946 1800 1019 1842 cum
1042 1801 1108 1844 non

86 1866 202 1948 magni
230 1866 387 1931 momenti
414 1867 594 1951 uideretur,
621 1868 655 1931 iu
680 1866 890 1931 adnotatione
914 1888 1107 1932 commemo·

86 1975 161 2017 rare
179 1955 286 2040 nolui3
310 1976 347 2019 88
371 1961 480 2018 tamen
499 1955 595 2019 modo
614 1955 684 2019 fieri
703 1955 820 2038 potuit,
838 1958 876 2019 ut
893 1956 1106 2040 praenomina

87 2044 291 2125 quorundam
311 2043 428 2108 ducum
447 2044 482 2107 in
500 2042 563 2107 hoc
582 2043 691 2108 codice
710 2043 930 2127 mitterentur,
950 2043 988 2108 cf.
1007 2067 1040 2128 p.
1053 2046 1105 2128 41,

90 2132 143 2196 18.
169 2133 241 2215 140,
255 2133 307 2198 26.

159 2217 263 2286 Simili
284 2221 425 2286 fortasse
448 2221 575 2287 ratione
599 2242 637 2286 ea
659 2222 882 2305 praenomina,
910 2245 992 2307 quae
1017 2224 1104 2288 solus

87 2307 269 2374 Frontinus
289 2332 309 2376 a
328 2315 508 2375 ceterorum
528 2310 723 2394 scriptorum
741 2312 898 2377 memoria
917 2310 1104 2395 discrepans

89 2397 284 2479 quibusdam
312 2398 447 2464 ducibus
471 2400 554 2464 indit
577 2399 630 2484 (cf.
653 2423 684 2483 p.
703 2401 819 2478 1417.
845 2402 895 2484 72,
910 2402 961 2466 21.
986 2401 1103 2484 82,11.

88 2485 227 2574 98,18),
249 2487 458 2553 librariorum
481 2489 605 2554 incuria
628 2490 693 2553 iam
716 2490 750 2554 in
774 2490 917 2574 antiquis
941 2489 1103 2573 exempla-

86 2575 179 2641 ribus
203 2579 330 2641 mutata
353 2582 438 2642 sunt.

156 2662 262 2728 Huius
290 2665 407 2732 codicis
435 2665 592 2731 lectiones
619 2670 652 2731 et
678 2667 822 2750 integras
851 2669 885 2730 81
912 2667 1103 2731 correctoris

87 2753 215 2818 calamo
239 2757 415 2838 temptatas
435 2776 518 2839 quae
539 2754 649 2839 aliquo
672 2755 767 2818 modo
786 2755 1014 2820 memorabiles
1034 2777 1103 2820 esse

87 2840 281 2908 uidebantur
299 2846 421 2926 protuli
439 2865 560 2928 omnes,
584 2843 675 2908 enixe
695 2865 823 2922 curans,
847 2865 887 2907 ne
907 2845 993 2928 quod
1012 2845 1101 2908 testi·

87 2929 232 2995 monium
256 2931 399 2998 melioris
423 2933 535 2998 classis
559 2932 773 2998 omitteretur.

156 3021 225 3100 ὅθ.
249 3019 443 3086 G==codex
467 3020 636 3086 Gothanus
661 3021 877 3087 bibliothecae
901 3020 1022 3085 ducalis
1047 3043 1101 3086 nu-

87 3129 178 3173 mero
197 3109 221 3173 I.
248 3110 308 3175 101
335 3110 482 3196 signatus
510 3110 598 3175 foliis
622 3113 752 3174 constat
773 3110 816 3173 49
840 3106 1102 3194 (1.848-1-181.

89 3194 162 3283 15¹2)
176 3199 430 3265 membranaceis
446 3198 504 3286 (30
514 3221 574 3264 cm.
584 3215 627 3268 ><
637 3200 678 3263 21
691 3196 773 3285 cm),
789 3221 924 3282 quorum
944 3199 980 3263 in
993 3200 1100 3284 singu·

85 3286 128 3350 lis
158 3287 286 3372 paginis
314 3311 428 3353 uersus
459 3289 594 3371 triginta
623 3291 759 3354 exstant.
801 3286 918 3353 Insunt
944 3287 1000 3352 fol.
1022 3293 1101 3352 1¹-

86 3375 126 3437 8¹²
149 3376 346 3440 breuiarium
370 3376 473 3458 Festi,
502 3376 558 3442 fol.
577 3378 710 3442 92-39r
733 3377 930 3442 breuiarium
953 3376 1100 3461 Eutropi,

85 3462 142 3527 fol.
162 3465 322 3530 eof—481¹
346 3468 495 3548 excerpta
515 3487 552 3529 ex
575 3466 668 3531 libris
686 3465 846 3531 Frontini.
880 3463 1027 3551 Scriptus
1051 3470 1101 3530 est

84 3551 170 3617 liber
194 3555 324 3619 saeculo
343 3553 391 3620 IX
414 3555 539 3620 duabus
559 3556 721 3638 manibuS,
745 3577 882 3640 quarum
902 3555 1005 3620 altera
1027 3577 1100 3640 par·
