2400 3944
139 190 183 255 64
343 190 417 247 IULl
435 188 613 246 PRONTINI
634 187 959 246 STRATEGEMATON

139 355 246 438 prima
278 354 363 434 luce,
399 352 518 417 nebula
550 373 677 438 quoque
710 351 852 435 adiutus,
890 352 996 418 aciem
1030 353 1151 420 dmerit:

140 441 320 507 Flaminius
351 442 440 506 uelut
466 440 645 526 fugientem
673 442 859 526 insequens,
887 462 962 506 cum
986 444 1152 529 angustias

141 535 226 596 esset
244 531 421 616 ingressus,
439 551 506 594 uon
520 533 596 594 aute
615 530 758 613 prouidit
776 529 922 613 insidias,
940 552 1048 616 quam
1067 532 1153 598 simul

141 641 160 684 a
178 619 300 702 fronte,
321 619 489 701 lateribus,
507 623 600 703 tergo
619 617 831 685 circumfusus
849 618 889 682 ad
908 618 1153 687 internicionem

105 721 213 773 acum
238 708 380 773 exercitu
403 708 599 772 caederetur.

207 796 260 863 25.
291 796 382 861 Idem
414 795 582 861 Hannibal
615 795 771 861 aduersus
799 793 931 860 Iunium
964 796 1154 865 dictatorem

140 890 236 952 nocte
255 886 453 969 intempesta
470 882 527 950 Dc
547 884 710 969 equitibus
729 884 917 970 imperauit,
938 889 979 950 ut
995 886 1035 950 in
1054 888 1154 972 plures

141 978 265 1039 turmas
298 973 462 1059 segregati
494 995 552 1057 per
583 973 670 1038 uices
702 972 773 1037 sine
802 973 1050 1040 intermissione
1079 977 1154 1042 ciros

142 1068 250 1128 castra
272 1062 418 1127 hostium
437 1083 471 1126 se
490 1064 707 1128 ostentarent:
730 1061 779 1126 ita
797 1065 869 1128 tots
886 1065 983 1128 nocte
1000 1061 1154 1130 Romanis

91 1165 124 1215 10
142 1152 177 1215 in
196 1152 282 1216 uallo
302 1151 441 1216 statione
460 1172 498 1215 ac
516 1151 641 1234 pluuia,
665 1171 746 1235 quae
765 1148 850 1216 forte
869 1151 1027 1217 continua
1048 1153 1155 1237 fuerat,

142 1238 331 1322 inquietatis
365 1238 595 1324 coniectisque,
628 1261 702 1304 cum
733 1240 878 1323 receptui
905 1240 1041 1325 signum
1068 1263 1156 1308 mane

142 1326 253 1392 Iunius
291 1327 449 1411 dedisset,
481 1326 648 1393 Hannibal
682 1349 757 1393 suos
774 1328 952 1412 requietus
984 1329 1101 1397 eduxit
1129 1334 1157 1396 et

144 1418 253 1481 castra
276 1416 345 1482 cius
368 1416 499 1481 inuasit.

210 1505 263 1571 26.
298 1504 543 1588 Epaminondas
576 1504 751 1570 Thebanus
782 1504 816 1569 in
849 1505 987 1570 eundem
1020 1508 1158 1591 modum,

92 1606 124 1656 16
144 1614 217 1658 cum
248 1592 496 1660 Lacedaemonii
528 1593 592 1677 a<d
618 1593 791 1677 Is>tbmon
821 1593 909 1659 uallo
940 1593 1042 1661 ducto
1070 1597 1158 1664 Pelo
1196 1618 1198 1629 ·

144 1702 291 1765 poneson
318 1686 500 1766 tuerentur,
532 1704 709 1765 paucorum
739 1704 839 1767 opera
865 1683 947 1748 leuis
976 1689 1159 1752 amaturae

145 1775 217 1836 tota
244 1775 340 1837 nocte
362 1771 558 1856 inquietauit
580 1771 717 1836 hostem.
760 1792 798 1836 ac
821 1770 936 1836 deinde
958 1773 1073 1856 prima
1094 1776 1160 1841 luce

145 1857 350 1943 <re>uocatis
383 1861 466 1943 suis,
502 1882 576 1925 cum
607 1859 855 1925 Lacedaemonii
887 1881 921 1924 se
953 1863 1160 1946 recepissent,

146 1948 254 2015 subito
277 1949 465 2014 uniuersum
489 1949 677 2031 exercitum,
705 1970 800 2033 quem
824 1948 970 2033 quietum
992 1949 1161 2036 habuerat,

92 2051 127 2101 20
146 2037 291 2102 admouit
314 2042 347 2103 et
370 2059 427 2121 per
448 2038 520 2122 ipsa
543 2037 745 2102 munimenta
764 2037 921 2102 destituta
941 2046 1162 2127 propugnato

144 2126 234 2191 ribus
257 2126 388 2210 inrupit.

212 2215 264 2278 27.
292 2213 459 2279 Hannibal
486 2215 609 2280 directa
638 2215 706 2279 acie
734 2214 774 2279 ad
799 2211 929 2280 Cannas
952 2213 1012 2281 Dc
1038 2218 1161 2303 equites

144 2300 304 2367 Numidas
331 2303 536 2388 transfugere
566 2304 674 2387 iussit,
707 2303 762 2388 qui
790 2303 830 2368 ad
857 2304 954 2368 fidem
980 2303 1162 2375 faciendam

147 2390 275 2475 gladios
308 2393 341 2454 et
374 2394 466 2456 scuta
497 2393 619 2457 nostris
651 2393 855 2457 tradiderunt
884 2392 978 2457 etin
1010 2396 1162 2462 ultimum

93 2492 128 2542 25
148 2499 265 2564 agmen
291 2479 426 2563 recepti,
456 2480 513 2544 ubi
540 2481 682 2564 primum
711 2482 858 2546 concurri
885 2481 1007 2565 coepit,
1043 2484 1162 2551 strictis

146 2568 325 2632 minoribus
348 2589 428 2652 quos
448 2569 693 2635 occultsuerant
711 2569 842 2655 gladiis,
866 2569 966 2635 scutis
985 2570 1161 2639 iacentium

147 2656 343 2740 adsumptis,
366 2656 587 2722 Romanorum
611 2658 713 2723 aciem
737 2658 931 2724 oeciderunt.

218 2855 234 2903 2
253 2849 373 2904 flaminis
389 2849 453 2918 H¹l
475 2856 492 2904 4
511 2851 540 2922 a]
559 2850 590 2904 in
608 2850 643 2905 H
657 2856 720 2906 aute
738 2866 808 2906 corr.
825 2851 829 2918 Ι
849 2849 1076 2907 internecionem
1093 2852 1141 2909 a?

147 2927 163 2975 5
183 2922 296 2976 cederet
309 2920 344 2976 H
357 2924 361 2988 Ι
382 2920 566 2994 tssffsiunium
583 2921 623 2988 (fe
638 2923 697 2976 uid.
711 2924 830 2990 mosum)
846 2921 881 2976 H
893 2925 898 2990 l
921 2928 936 2977 7
957 2922 1098 2981 sescentis
1115 2922 1142 2978 P

147 2991 178 3046 in
196 3008 245 3047 om.
261 2992 311 3057 ΡΙ
338 2998 371 3048 10
389 2992 462 3047 forte
480 2993 550 3058 (fort
567 2994 600 3047 iu
616 3008 672 3048 raa.
691 2993 720 3060 t)
741 2992 776 3047 H
795 2996 799 3060 l
823 2998 855 3047 11
874 2991 1010 3062 inquietis
1030 2993 1061 3048 P
1079 2997 1083 3064 l
1103 3010 1160 3050 oon·

147 3061 271 3132 factique
281 3063 327 3118 Η1
342 3068 346 3129 Ι
362 3080 444 3118 mane
463 3063 559 3117 Iunius
569 3063 746 3118 Zachmaebter
763 3064 841 3119 mani
858 3062 1021 3132 (romanii)
1041 3060 1163 3121 uniusH

148 3133 207 3189 iam
224 3134 317 3188 iunius
337 3133 381 3204 ΡΙ
407 3140 440 3188 14
458 3134 661 3203 Epiminondas
680 3134 732 3202 ΗΙ
755 3140 787 3188 15
808 3135 844 3189 ad
863 3135 990 3190 Isthmon
1009 3135 1160 3193 Palmaria

148 3204 265 3260 athmon
279 3206 345 3258 ΗΡ
362 3205 398 3259 ad
413 3203 504 3260 Onion
518 3205 609 3262 Serio.
624 3205 684 3260 coll.
699 3206 830 3276 Polyoeu.
844 3209 938 3273 2,3,9
953 3207 957 3274 Ι
973 3205 1041 3276 pelo
1080 3222 1159 3264 nesou
1195 3230 1198 3263 ;

148 3277 206 3340 (aad
224 3276 289 3344 pelo
309 3277 373 3330 add.
392 3278 422 3344 b)
437 3276 473 3331 H
487 3277 698 3347 peloponneson
712 3277 809 3346 12118
828 3274 967 3332 reuocatis
989 3275 1012 3329 0
1055 3292 1159 3334 ‚noua-

148 3345 185 3399 tis
205 3345 248 3398 H¹
271 3346 380 3401 uocatis
400 3349 418 3401 b
440 3351 557 3403 uocatus
576 3348 604 3403 P
623 3347 749 3404 euocatis
768 3347 848 3403 Stew.
869 3349 874 3419 l
898 3353 931 3402 19
951 3346 1078 3405 excitum
1095 3345 1157 3417 11¹1

148 3421 183 3469 20
203 3417 310 3471 amouit
323 3418 372 3486 ΡΙ
402 3423 435 3471 22
455 3419 569 3474 derecta
582 3419 628 3474 Η1
650 3423 654 3488 l
683 3419 744 3490 DC]
768 3418 917 3488 quingenti
930 3417 996 3474 aaa.
1011 3425 1065 3489 22,
1078 3424 1123 3487 48,
1135 3422 1159 3477 2·
1196 3434 1198 3441 '

148 3486 392 3612 Appiungouu.
412 3494 524 3545 20--23
548 3493 553 3560 Ι
582 3496 616 3545 23
640 3490 721 3545 iussit
740 3520 773 3531 -
793 3493 872 3546 scuta
894 3506 945 3547 om.
964 3488 1009 3543 Η1
1033 3495 1037 3561 Ι
1063 3497 1099 3547 24
1115 3504 1160 3545 no
1196 3544 1198 3551 .

149 3563 221 3612 atras
1196 3576 1198 3581 '
