2400 3944
361 187 472 245 LIBER
489 187 525 243 H.
553 187 631 244 cnP.
653 194 764 244 11-18.
1030 188 1074 255 85

124 356 155 421 2.
179 351 216 429 Q.
231 351 394 419 Sertorius
417 352 452 417 in
473 350 633 437 Hispania
655 351 800 418 hostium
824 352 984 437 equitatui
1006 375 1074 419 ma·

54 444 143 510 xime
175 444 284 527 inpar,
317 441 373 527 qni
405 462 508 527 usque
541 440 581 505 ad
618 441 708 525 ipsas
740 443 939 507 munitiones
971 442 1075 508 nimia

52 533 176 599 fiducia
203 529 408 615 succedebat,
434 533 530 595 nocte
558 530 689 595 scrobes
713 530 841 614 aperuit
864 534 898 596 et
920 534 995 596 ante
1019 552 1075 596 eos

55 622 163 688 aciem
190 620 317 686 direxit.
363 640 435 685 cum
464 617 579 683 deinde
608 619 765 684 turmales
798 619 973 685 secundum
1002 641 1075 685 con·

56 709 263 777 suetudinem
282 708 505 793 aduentarent,
523 707 646 790 recepit
663 708 779 772 aciem:
796 709 958 792 persecuti
974 708 1075 774 aciem
1095 723 1112 772 o

57 800 95 865 in
118 799 224 864 fossas
247 797 435 862 deciderunt
459 799 493 862 et
515 817 553 861 eo
576 794 674 861 modo
697 796 777 861 uicti
800 800 885 863 sunt.

126 883 303 980 33Chares
327 885 393 950 dux
409 884 675 970 Atheniensium,
699 906 772 950 cum
795 888 998 969 exspectaret
1021 906 1077 950 au-

58 976 139 1044 xilia
168 978 202 1041 et
231 977 414 1060 uereretur,
444 996 487 1040 ne
518 975 641 1039 interea
673 977 863 1059 contemptu
894 974 1077 1058 praesentis

58 1065 233 1152 paucitatis
255 1065 368 1131 hostes
396 1066 504 1129 castre
527 1064 597 1128 eius
626 1066 864 1148 oppugnarent,
895 1063 1077 1148 complures

60 1176 100 1220 ex
115 1155 162 1220 eis
177 1175 258 1238 quoa
275 1152 421 1219 habebat
438 1173 497 1237 per
516 1173 664 1217 auersam
682 1155 809 1236 partem
827 1155 922 1218 nocte
937 1152 1077 1236 <e>mis-
1098 1167 1132 1217 10

61 1264 115 1310 sos
148 1243 258 1327 iussit,
291 1263 355 1326 qua
384 1241 558 1326 praecipue
588 1241 755 1325 conspicui
784 1241 893 1306 forent
919 1240 1080 1322 hostibus,

62 1332 169 1398 redire
191 1331 227 1395 in
250 1335 360 1396 eastre
383 1335 416 1397 et
439 1329 662 1397 accedentium
684 1351 844 1395 nouarum
867 1331 986 1397 uirium
1010 1352 1080 1415 spe·

61 1422 145 1487 ciem
161 1420 332 1504 praebere:
355 1423 453 1505 atque
475 1418 525 1484 ita
565 1419 729 1484 simulatis
753 1420 882 1484 auxiliis
905 1422 996 1484 tutus
1021 1422 1080 1504 est,

61 1509 166 1575 donec
187 1509 401 1574 instrueretur
424 1509 629 1592 exspectatis.

131 1598 162 1663 4.
189 1596 370 1683 Iphicrates
393 1595 619 1681 Atheniensis,
642 1618 715 1661 eum
739 1596 975 1680 campestribus
998 1596 1078 1661 locis
1099 1609 1133 1660 ro

61 1690 172 1754 castre
190 1685 328 1752 haberet
345 1687 610 1771 explorassetqne
629 1684 774 1751 Thracas
793 1706 832 1749 ex
852 1684 999 1768 collibus,
1022 1706 1081 1768 per

63 1797 146 1863 quos
168 1797 253 1840 unna
276 1777 347 1840 erat
370 1775 558 1857 descensus,
587 1778 684 1839 nocte
708 1774 747 1838 ad
772 1772 951 1857 diripienda
974 1777 1082 1838 castra

61 1869 230 1946 uenturos,
253 1863 339 1929 clam
355 1863 512 1947 <e>duxit
534 1863 710 1928 exercitum
735 1865 768 1926 et
790 1861 826 1925 in
847 1865 984 1947 utraque
1008 1861 1081 1926 uiae

63 1955 184 2036 latera,
202 1974 261 2037 per
280 1975 377 2037 quam
398 1952 568 2017 transituri
585 1950 727 2015 Thraces
747 1954 853 2034 erant,
873 1949 1081 2015 distributum

65 2043 264 2110 conlocauit:
283 2042 475 2126 hostemque
491 2040 716 2105 decurrentem
731 2038 891 2117 incastris,
910 2039 945 2103 in
964 2039 1080 2123 quibus
1099 2053 1135 2104 20

62 2131 161 2198 multi
192 2132 286 2217 ignes
319 2153 379 2215 per
411 2150 588 2214 paucorum
620 2149 732 2192 curam
763 2127 908 2192 instituti
941 2127 1081 2213 speciem

61 2219 229 2290 manentis
252 2219 299 2285 ibi
322 2217 542 2284 multitudinis
566 2217 754 2302 seruabant,
777 2239 798 2282 a
815 2216 972 2281 lateribus
991 2216 1082 2281 ador·

59 2312 118 2376 tus
141 2311 314 2394 oppressit.

363 2480 437 2536 XHI.
470 2480 520 2535 DE
539 2479 783 2537 HFFUGIENDO.

137 2593 165 2657 1.
194 2591 282 2657 Galli
304 2591 481 2677 pugnaturi
501 2612 573 2656 cum
592 2590 706 2655 Attalo
726 2612 839 2655 aurum
860 2612 955 2656 omne
979 2594 1012 2654 et
1035 2611 1083 2653 ar·
1102 2603 1136 2654 11

64 2686 203 2767 gentum
227 2681 325 2746 certis
354 2679 543 2746 custodibus
571 2679 787 2762 tradiderunt,
811 2678 874 2763 (a)
897 2679 1027 2763 quibus,
1056 2678 1083 2743 si

140 2861 154 2910 1
176 2855 284 2922 Quntus
298 2856 332 2910 H
348 2853 554 2924 QuintuaPte
574 2869 622 2908 eas
640 2853 659 2908 d
676 2855 713 2922 14
731 2852 896 2921 deserite!
913 2851 1084 2906 tnrbamales

65 2928 112 2984 H¹
128 2930 132 2998 Ι
150 2932 166 2982 5
185 2927 353 2983 aduentaret
370 2926 404 2980 H
418 2928 422 2996 Ι
438 2926 524 2981 uerba
543 2924 773 2980 aduentarent—
784 2922 853 2977 uicti
868 2923 947 2991 sunt,
966 2938 1035 2991 quoa
1052 2924 1085 2976 ia

65 3000 208 3056 codicibus
225 2999 445 3066 cedentemque
467 2997 588 3066 asanpzo
604 2999 638 3061 2,
656 2999 687 3062 9,
706 3000 724 3051 7
743 2996 940 3060 adnectantur,
958 2993 1022 3047 taio
1039 3008 1085 3047 ecc-

66 3071 154 3140 empto
172 3071 292 3126 restituit
305 3069 442 3126 Hedicke:
454 3069 490 3136 cs.
507 3069 597 3137 praef.
652 3072 669 3121 1
694 3069 698 3136 Ι
725 3073 740 3123 7
760 3065 864 3121 Chares
878 3065 922 3132 H,
939 3064 987 3118 scd
1004 3079 1036 3117 ar
1052 3065 1086 3119 ia

64 3157 122 3198 ros.
136 3142 155 3196 t
171 3143 175 3210 Ι
193 3146 226 3196 10
243 3140 344 3195 missos
358 3138 394 3194 H
397 3140 432 3206 P,
450 3155 520 3194 corr.
536 3137 606 3194 Oud.
636 3145 667 3192 11
679 3136 782 3207 quiH¹
798 3138 803 3206 Ι
821 3142 853 3191 13
867 3137 946 3190 tutus
959 3133 1000 3200 H,
1012 3135 1086 3204 quod

65 3217 174 3270 nemra
191 3228 248 3268 aco
265 3213 354 3268 audeo
371 3209 460 3266 tuitus
470 3209 498 3263 P
508 3211 618 3264 tutatus
637 3210 696 3264 edd.
716 3227 745 3264 se
759 3210 838 3262 tutus
854 3207 924 3262 Oud.
941 3208 946 3275 Ι
963 3212 996 3260 15
1014 3205 1086 3260 idem

65 3285 124 3352 sere
146 3284 297 3354 coemptam
316 3286 351 3350 1,
371 3285 406 3349 5,
423 3285 475 3338 24.-
498 3281 532 3348 cs.
547 3280 734 3352 procf.§101
757 3286 790 3334 16
808 3277 926 3334 haberet
944 3277 1086 3345 exploras·

66 3357 167 3426 setque
185 3356 217 3410 ia
230 3369 285 3410 rae.
300 3368 355 3424 pro
373 3353 507 3408 uenturos
522 3382 554 3392 -
570 3349 695 3406 duxitH
722 3351 724 3422 t
752 3351 856 3405 tracias
871 3349 929 3417 (sed
942 3349 952 3403 i
965 3352 1039 3418 cap.)
1054 3347 1090 3403 H

65 3428 160 3482 tracas
169 3426 216 3496 ΡΙ
234 3431 266 3481 17
277 3425 412 3480 decennus
422 3424 456 3478 H
458 3423 482 3494 ¹1
496 3427 528 3477 18
547 3421 628 3476 duxit
640 3423 707 3487 HP,
725 3439 774 3479 em.
788 3421 930 3477 Herelius:
944 3421 979 3489 cs.
989 3436 1020 3501 p.
1034 3424 1086 3483 22,

66 3502 86 3555 3
102 3502 107 3568 Ι
123 3497 155 3553 in
168 3498 287 3566 utroque
305 3495 370 3551 uiae
388 3495 478 3550 latere
491 3492 541 3566 ΡΙ
563 3500 596 3548 19
615 3511 672 3562 qua
689 3494 742 3563 ΗΙ
758 3495 963 3548 remanentem
981 3489 1037 3545 arbi
1054 3489 1090 3544 H

141 3574 176 3623 24
185 3569 296 3624 titutum
305 3583 356 3623 om.
367 3567 402 3621 H
408 3565 416 3598 ¹
429 3565 433 3637 t
450 3571 484 3620 25
495 3565 586 3620 attulo
595 3564 630 3620 H
632 3564 641 3596 ¹
650 3565 746 3620 adtalo
757 3565 785 3619 P
798 3566 802 3634 Ι
825 3569 859 3618 16
870 3563 960 3618 acdd.
971 3561 1087 3630 Lipsius
