2400 3944
379 188 491 245 LIBER
507 191 555 248 IIL
585 189 662 248 OAP.
683 197 761 248 3-t.
1031 194 1073 258 95

57 356 218 422 danorum
235 353 400 421 frumento
420 354 593 439 adgressus
616 355 731 422 urbem
755 355 918 421 alimentis
942 357 1074 423 destitu-

55 448 127 513 tam
151 443 327 529 superauit

126 534 171 615 [4.
202 531 294 599 Idem
318 539 351 601 et
373 531 528 598 aduersus
550 530 742 599 Himeraeos
766 533 882 600 fecisse
906 533 1044 618 dicitur]

124 621 156 689 5.
187 619 373 687 Alexander
400 624 646 707 oppugnaturus
669 623 865 688 Leucadiam
889 625 1074 689 commeati-

55 712 117 777 bus
132 709 351 777 abundantem
370 709 461 795 prius
484 712 629 795 castella,
648 733 731 796 quae
749 713 783 777 in
806 712 947 777 confinio
972 717 1108 798 arants

56 801 144 886 cepit
176 820 354 885 omnesque
386 819 425 863 ex
460 799 513 865 his
545 798 741 866 Leucadiam
772 823 888 885 passus
923 805 972 866 est
1004 823 1074 866 con-

55 889 190 976 fugere,
225 891 264 954 ut
300 887 454 954 alimenta
485 889 569 954 inter
600 890 722 955 multos
760 889 895 956 celerius
929 889 1074 955 absume-

55 982 180 1047 rentur.
451 1043 455 1050 .

125 1067 155 1132 6.
187 1065 338 1131 Phalaris
361 1065 607 1152 Agrigentinus,
630 1088 703 1132 cum
728 1066 885 1153 quaedam
908 1068 982 1133 loca
1004 1089 1075 1132 mu·

55 1155 183 1223 uitione
209 1158 283 1221 tuta
310 1155 345 1220 in
373 1153 486 1221 Sicilia
514 1160 732 1241 oppugnaret,
760 1157 914 1239 simulato
944 1156 1127 1229 foederare

55 1244 235 1328 frumenta,
263 1264 345 1328 quae
372 1244 502 1309 residua
528 1245 648 1310 habere
673 1266 707 1310 se
731 1246 876 1328 dicebat,
910 1245 995 1332 apud
1019 1267 1074 1311 eos

56 1332 222 1418 deposuit:
247 1331 360 1398 deinde
384 1332 461 1400 data
484 1355 597 1419 opera,
620 1336 657 1398 ut
681 1356 825 1401 camerae
849 1338 1018 1420 tectorum,
1041 1334 1076 1399 in

56 1422 177 1510 quibus
200 1421 233 1487 id
262 1421 502 1507 conferebatur,
532 1423 687 1489 rescissae
714 1425 861 1508 pluuiam
884 1426 1074 1509 reciperent,

55 1534 112 1579 eos
143 1510 263 1577 fiducia
290 1510 414 1576 conditi
437 1516 636 1578 commeatus
663 1514 930 1597 propriotritico
955 1514 1074 1578 abusos

55 1600 154 1668 initio
169 1599 304 1666 aestatis
319 1599 495 1685 adgressus
509 1601 620 1686 inopia
639 1602 798 1687 compulit
812 1602 852 1666 ad
868 1601 1072 1667 deditionem.
1094 1621 1126 1671 15

101 1845 138 1901 v.
168 1809 459 1911 ouumouoouu
476 1844 783 1915 Paasuaomrura
803 1843 1031 1902 oasuuoumr

421 1933 709 1990 raanausuanu.

128 2079 157 2143 1.
189 2076 365 2145 Clearchus
396 2077 682 2182 Lacedaemonius,
715 2079 919 2162 exploratum
950 2079 1075 2146 babens

55 2167 203 2234 Thracas
218 2168 328 2233 omnia
341 2166 444 2232 uictui
457 2168 639 2234 necessaria
652 2191 686 2233 1n
705 2171 833 2233 montes
852 2171 1075 2251 comportasse

54 2277 186 2342 unaque
205 2278 262 2341 spe
281 2257 466 2340 sustentari,
489 2256 574 2342 quod
593 2256 759 2323 crederent
778 2279 851 2323 eum
875 2260 1074 2325 commeatus
1094 2276 1128 2327 20

55 2345 171 2431 inopia
193 2366 404 2431 recessurum,
426 2368 484 2432 per
505 2345 540 2410 id
561 2349 700 2431 tompus,
724 2369 786 2431 quo
810 2346 939 2432 legatos
963 2368 1075 2413 eorum

54 2438 215 2504 uenturos
234 2433 437 2519 opinabatur,
460 2434 601 2520 aliquem
621 2457 661 2501 ex
680 2435 819 2520 captiuis
841 2435 877 2500 in
900 2440 1075 2523 conspectu

54 2523 155 2589 iussit
182 2523 285 2588 occidi
313 2528 346 2588 et
372 2523 579 2589 membratim
607 2528 777 2610 tamquam
806 2524 953 2590 alimenti
977 2546 1076 2591 cansa

56 2613 92 2678 in
116 2611 328 2677 contubernia
351 2611 517 2677 distribui:
545 2612 689 2679 Thraces
717 2614 800 2679 nihil
823 2635 890 2679 non
913 2614 1075 2679 facturum

55 2702 320 2786 perseuerantiae
344 2722 441 2767 causa
464 2723 537 2767 eum
561 2702 742 2787 credentes,
765 2703 819 2787 qui
842 2706 911 2767 tam
934 2703 1075 2769 detesta—
1094 2718 1128 2769 25

55 2790 141 2856 biles
172 2790 284 2875 epulas
316 2791 525 2856 sustinuisset
555 2791 708 2876 experiri,
736 2791 770 2855 in
797 2790 993 2856 deditionem
1024 2813 1076 2857 ue·

54 2901 116 2946 ner
162 2882 186 2945 t.

395 3025 413 3054 0

130 3072 315 3143 saraptam
333 3071 467 3128 adanam:
485 3072 520 3140 ef.
538 3071 627 3142 praef.
646 3071 703 3143 §9
733 3072 738 3140 Ι
767 3069 906 3126 inmereos
924 3069 981 3140 ΗΙ
1005 3070 1076 3126 uiis

55 3145 134 3214 Pla
157 3144 369 3199 adnumerentur
387 3143 422 3198 H
443 3141 449 3213 1
479 3141 574 3214 9ag‘
597 3143 687 3198 entius
707 3142 777 3211 H¹l
807 3141 1004 3224 llsedicebat
1022 3144 1075 3207 (ee-

56 3214 409 3286 diceinrae.lr)Hl12
428 3229 557 3270 camarae
624 3216 628 3284 Ι
659 3219 693 3268 14
711 3229 759 3268 eos
777 3229 834 3268 aos-
845 3211 874 3266 1d
893 3212 928 3266 H
942 3214 974 3266 ut
992 3212 1022 3267 P
1042 3228 1076 3266 ex

59 3287 146 3344 ona:
164 3288 252 3343 delerat
261 3287 320 3342 edd.
337 3288 342 3356 Ι
358 3289 462 3341 abusus
472 3287 546 3355 ΗΡ,
565 3286 664 3342 carad
680 3283 684 3356 l
706 3289 739 3340 15
754 3282 919 3340 eontulitH
923 3283 958 3349 P,
972 3299 1041 3340 corr.
1057 3286 1076 3341 d

57 3430 97 3486 les·
114 3357 476 3501 ideJdleisbuadell'lleldldyld
491 3353 1075 3510 ὢθῗῢῧὲῗθ4ἒῖεῆέἓΐᾷθῖθᾞῗὲ1

56 3500 132 3626 {laod
147 3500 225 3625 His!
259 3506 293 3555 23
313 3500 449 3557 alimenta
467 3500 512 3553 H¹
536 3499 541 3572 Ι
571 3506 606 3555 24
625 3498 756 3555 distrrbur
774 3499 793 3554 d
816 3443 961 3554 dustrrlsmt
984 3497 1019 3551 H
1022 3498 1050 3550 P
1069 3498 1073 3569 Ι

70 3588 150 3628 races
