2400 3944
357 289 360 294 ι
449 206 560 262 LIBER
577 208 598 262 l.
627 202 704 263 oAP.
726 215 749 263 1.
1087 210 1106 274 'd

81 372 274 435 castrorum
306 371 505 452 seruaretur,
540 391 581 434 ne
619 370 695 455 quid
727 371 891 437 Hannibal
925 373 1106 457 suspicatus

83 459 225 523 auderet
249 456 403 522 aduersus
426 458 624 540 paucitatem
651 459 849 526 relictorum
896 483 969 526 cum
993 463 1107 527 deinde

82 549 121 611 in
146 545 285 611 Umbria
314 547 483 611 occultatis
512 547 686 612 itineribus
714 551 857 635 collegae
881 572 915 615 se
939 551 1107 635 iunxisset,

64 634 197 700 uetuit
220 638 327 699 castra
355 635 520 721 ampliari,
546 658 588 701 ne
612 637 698 720 quod
721 638 850 723 signum
874 639 1032 705 aduentus
1056 641 1107 705 sui

84 724 202 789 Poeno
221 722 323 806 daret,
341 723 561 789 detractaturo
580 745 734 810 pugnam,
754 726 781 789 si
796 727 964 792 consulum
978 728 1106 793 iunctas
1126 746 1141 793 s

86 813 177 877 uires
200 812 424 876 intellexisset.
459 812 561 898 igitur
582 812 719 878 inscium
740 815 913 898 duplicatis
932 816 1106 901 adgressus

87 900 195 985 copiis
232 901 399 983 superauit
431 905 464 966 et
496 901 638 973 uelocius
671 903 760 967 omni
792 904 906 968 nuntio
939 904 1035 968 rediit
1066 905 1107 969 ad
1191 948 1197 957 ,

85 988 324 1054 Hannibalem:
342 988 391 1052 ita
407 1011 447 1052 ex
461 989 587 1055 duobus
602 991 820 1056 callidissimis
836 991 970 1057 ducibus
985 992 1106 1058 Poeno·

86 1101 163 1142 rum
183 1077 295 1142 eodem
315 1077 451 1142 consilio
471 1079 610 1143 alterum
631 1079 758 1164 celauit,
777 1081 916 1145 alterum
936 1082 1107 1165 oppressit.

161 1167 212 1231 10.
244 1165 480 1231 Themistocles
513 1167 689 1232 exhortans
722 1190 798 1232 suos
830 1169 871 1234 ad
902 1170 1106 1236 suscitandos
1128 1188 1160 1236 10

85 1255 289 1320 festinanter
314 1276 440 1338 muros,
471 1277 552 1339 quos
580 1257 670 1321 iussu
696 1255 1024 1340 Lacedaemoniorum
1055 1259 1106 1323 de-

86 1343 226 1426 icerent,
243 1344 361 1428 legatis
379 1341 621 1408 Lacedaemone
640 1345 761 1427 missis,
781 1347 836 1430 qui
854 1347 1108 1431 interpellarent,

86 1432 272 1516 respondit,
300 1436 472 1496 uenturum
501 1454 536 1497 se
559 1433 600 1498 ad
623 1434 808 1500 diluendam
835 1435 919 1500 hanc
944 1436 1106 1501 existima-

85 1522 228 1586 tionem:
270 1524 303 1584 et
343 1522 493 1604 peruenit
529 1521 814 1589 Lacedaemonem.
865 1524 913 1588 ihi
954 1525 1106 1590 simulato

87 1610 207 1674 morbo
231 1608 432 1693 aliquantum
453 1610 610 1694 temporis
629 1613 782 1689 extraxit3
807 1615 840 1676 et
862 1616 1036 1696 postquam
1059 1614 1107 1678 in·
1127 1628 1159 1676 15

85 1698 220 1763 tellexit
246 1702 430 1781 suspectam
459 1720 529 1763 esse
561 1701 864 1784 tergiuersationem
893 1722 999 1783 suam,
1032 1723 1104 1766 con·

85 1787 198 1852 tendit
219 1785 339 1850 falsum
363 1787 546 1871 <allatum>
576 1788 616 1852 ad
644 1810 699 1854 eos
727 1809 889 1853 rumorem
913 1791 946 1851 et
968 1791 1107 1873 rogauit,

87 1877 262 1940 mitterent
284 1875 410 1959 aliquos
434 1876 712 1960 exprincipibus,
740 1876 856 1960 quibus
881 1876 1045 1940 crederent
1068 1878 1107 1941 de

87 1965 272 2029 munitione
295 1962 510 2029 Athenarum.
557 1966 623 2029 suis
647 1964 762 2028 deinde
789 1964 872 2031 clam
902 1965 1042 2048 scripsit,
1070 1970 1108 2032 ut

86 2075 148 2118 eos
177 2053 232 2137 qui
255 2053 421 2117 uenissent
447 2054 639 2136 retinerent,
668 2052 768 2117 donec
795 2053 924 2117 refectis
953 2054 1105 2138 operibns
1126 2071 1160 2120 20

84 2142 301 2208 eonfiteretur
323 2141 600 2226 Lacedaemoniis,
623 2143 765 2206 munitas
790 2163 860 2206 esse
883 2141 1031 2208 Athenas
1054 2165 1108 2208 ne·

86 2252 156 2316 qua
184 2230 280 2295 aliter
307 2230 468 2314 principes
497 2252 608 2295 eorum
635 2229 739 2295 redire
767 2252 878 2314 posse,
912 2254 1009 2316 quam
1036 2232 1107 2317 ipse

86 2319 248 2385 remissus
266 2319 364 2384 foret:
383 2319 469 2403 quod
488 2319 583 2384 facile
601 2320 836 2403 praestiterunt
849 2319 1107 2405 Lacedaemonii,
1165 2344 1169 2351 ·

86 2430 133 2474 ne
157 2407 254 2472 unius
277 2407 447 2472 interitum
470 2409 647 2473 multorum
670 2412 774 2473 morte
797 2413 978 2492 pensarent.

163 2497 228 2576 [11.
251 2496 285 2560 L.
300 2495 431 2581 Furius,
450 2498 592 2561 exercitu
610 2496 764 2580 perducto
779 2498 812 2561 in
827 2499 934 2562 locum
951 2497 1107 2581 iniquum,
1126 2513 1160 2561 25

87 2607 167 2652 euni
200 2585 422 2650 constituisset
449 2587 609 2651 occultare
643 2586 896 2652 sollicitudinem
929 2608 1034 2670 suam,
1066 2607 1107 2650 ne

88 2673 211 2758 reliqui
238 2674 452 2758 trepidarent,
480 2675 639 2758 paulatim
668 2696 702 2740 se
729 2674 912 2758 inflectens,
941 2678 1107 2758 tamquam

87 2762 232 2827 circuitu
254 2763 376 2827 maiore
399 2764 529 2828 hostem
553 2764 774 2848 adgressurus,
798 2784 954 2828 conuerso
979 2762 1107 2846 agmine

88 2852 245 3003 {ignarum
272 2851 320 2915 rei
348 2874 429 2935 quae
458 2853 616 2936 agebatur
644 2853 821 2917 exercitum
843 2851 1038 2916 ineolumem
1061 2874 1109 2916 re·

114 2940 206 3019 unit]
1127 2956 1161 3003 30

166 3084 182 3133 8
205 3079 298 3133 umbri
317 3080 351 3132 H
368 3083 372 3146 Ι
397 3084 413 3134 5
437 3080 597 3134 detraotnro
617 3081 662 3147 ΡΙ
687 3084 703 3132 9
727 3083 791 3132 unte
814 3078 864 3132 cel.
884 3077 964 3132 addit
983 3094 1012 3132 se
1032 3077 1108 3132 Har-

90 3151 128 3206 tel
157 3149 211 3204 iter
228 3149 259 3203 Ο.
270 3149 431 3216 Hirschfeld
455 3154 460 3219 Ι
487 3156 518 3203 11
538 3150 603 3205 Lac.
623 3149 765 3205 deicerent
783 3165 833 3204 om.
849 3148 894 3203 Η1
919 3152 923 3217 l
949 3147 1110 3204 deiecerant

90 3221 152 3290 hP,
160 3237 207 3277 em.
215 3220 306 3276 Raeti
315 3222 347 3275 in
356 3221 455 3276 Jahrb.
465 3221 592 3287 fiPttloz.
600 3223 701 3287 (1883)
709 3224 774 3284 127,
781 3223 837 3275 752
854 3224 858 3288 Ι
875 3225 908 3274 13
918 3219 1109 3289 responditH,

90 3292 140 3348 sed
153 3311 167 3346 r
180 3293 213 3347 in
226 3308 281 3347 ras.
296 3293 382 3346 mium
394 3293 451 3359 fere
464 3293 516 3346 litt.
530 3293 548 3344 d
564 3294 568 3359 Ι
584 3290 749 3345 diluendum
763 3289 807 3343 Η1
827 3291 993 3346 deluendam
1007 3290 1053 3360 ΡΙ
1076 3297 1108 3346 17

92 3363 215 3418 allatum
234 3364 373 3433 suppleuit
397 3363 573 3418 Waetsmutla
591 3363 651 3416 coll.
671 3361 741 3430 Nep.
763 3361 852 3416 Ttem.
873 3367 936 3430 7,2
967 3363 1109 3432 perlatum

88 3439 155 3505 post
173 3451 243 3489 rum.
263 3435 327 3489 add.
342 3434 435 3489 Stems
453 3433 564 3501 ellipsin
582 3433 705 3498 defendit
724 3431 809 3486 Terra.
833 3437 837 3499 Ι
864 3438 897 3487 18
915 3437 947 3487 ut
964 3433 1038 3487 mitt.
1056 3434 1084 3487 P
1104 3434 1106 3504 l

92 3511 127 3560 22
139 3504 234 3577 aliter]
250 3505 316 3560 ante
326 3505 385 3560 Ser.
403 3513 407 3573 ι
423 3511 457 3560 tt
472 3504 623 3572 exemplum
635 3503 780 3572 repetitum
793 3521 826 3558 ea
840 3509 867 3571 1,
877 3508 961 3572 5‚13;
975 3506 1010 3572 cf.
1016 3506 1108 3574 praef.

92 3576 186 3649 §101
209 3577 346 3647 producto
365 3578 385 3632 d
404 3579 409 3646 Ι
432 3582 466 3630 29
484 3576 531 3629 tur
549 3573 703 3630 exercitum
721 3574 752 3628 in
769 3590 824 3630 ras.
843 3576 861 3629 h
1047 3608 1051 3614 -
