2400 3944
369 175 481 230 LIBER
498 175 547 233 III.
577 175 654 232 CAP.
674 182 753 234 5-6.
1026 178 1068 244 97

53 342 122 404 tem
137 359 229 402 suam
243 337 353 422 uellet,
372 339 440 403 eius
459 338 683 424 desperatione
702 344 827 405 ceteras
846 341 942 405 urbes
960 344 1070 425 petere

54 428 164 511 eoepit
187 431 442 511 consecutusque
462 431 520 511 est,
542 432 579 492 ut
601 429 713 493 hostes
736 428 855 493 fiducia
877 428 968 495 uelut
991 430 1071 495 satis

54 516 200 581 munitae
223 516 313 581 urbis
342 516 410 580 eius
441 517 481 581 ad
509 516 646 582 tutelam
675 516 814 582 aliarum
838 518 1072 585 dilaberentur:

52 626 118 690 quo
143 603 231 670 facto
254 605 415 670 reuocatis
437 604 508 689 ipse
532 628 644 670 rursus
668 606 819 671 omnibus
844 607 911 671 suis
935 628 1071 672 uacuam

54 714 125 759 eam
150 693 372 758 defensoribus
396 695 489 777 cepit.
1091 697 1107 746 ὕ

122 782 153 846 4.
187 780 358 847 Cornelius
384 782 519 847 Rufinus
547 784 674 862 consul,
703 805 775 848 oum
803 783 968 867 aliquanto
991 787 1071 849 tem·

53 893 134 955 pore
158 867 303 936 Crotona
325 871 481 955 oppidum
507 870 630 936 frustra
658 871 852 955 obsedisset,
875 871 961 956 quod
985 873 1072 938 inex·

54 959 232 1044 pugnabile
251 959 392 1025 iaciebat
410 960 585 1043 adsumpta
602 961 637 1024 in
655 960 853 1043 praesidium
867 960 1072 1026 Lucanorum

56 1069 182 1131 manus,
202 1048 370 1112 simulauit
384 1070 419 1113 se
433 1052 548 1131 coepto
563 1049 727 1114 desistere.
774 1050 939 1133 captiuum
959 1049 1072 1114 deinde

55 1157 178 1222 magno
201 1136 346 1221 praemio
371 1137 582 1202 sollicitatum
605 1138 697 1202 misit
720 1135 877 1218 Crotona,
901 1138 965 1223 qui,
988 1141 1070 1202 tam·
1092 1140 1125 1188 10

57 1247 157 1310 quam
181 1245 220 1290 ex
243 1225 389 1291 custodia
413 1225 589 1310 effugisset,
611 1226 774 1309 persuasit
797 1227 984 1292 discessisse
1007 1226 1073 1293 Ro·

54 1335 188 1380 manos:
215 1313 248 1378 id
271 1336 384 1379 uerum
411 1312 641 1380 Crotonienses
665 1315 816 1380 arbitrati
843 1315 994 1382 dimisere
1017 1338 1074 1381 au-

54 1403 135 1468 xilia
154 1403 367 1489 destitutique
386 1403 688 1487 propugnatoribus
708 1404 869 1488 inopinati
887 1409 919 1470 et
937 1405 1074 1470 inualidi

54 1513 94 1558 ca
117 1491 144 1556 ti
168 1495 253 1557 sunt.

93 1514 154 1646 pb.
187 1579 284 1665 Mago
309 1578 372 1644 dux
394 1577 730 1666 Carthaginienbium,
759 1581 847 1646 uicto
871 1580 928 1647 Cn.
950 1579 1071 1646 Pisone
1091 1581 1124 1629 15

55 1672 91 1734 et
118 1668 154 1733 in
182 1669 323 1753 quadam
350 1672 440 1733 turre
468 1670 694 1753 circumsesso,
726 1669 909 1753 suspicatus
937 1674 1073 1734 uentura

55 1757 87 1822 ei
107 1756 253 1822 subsidia
275 1757 446 1843 perfugam
464 1759 563 1841 misit,
588 1759 642 1842 qui
665 1758 875 1842 persuaderet
899 1758 1074 1841 adpropin-

57 1845 236 1930 quantibus
254 1850 385 1929 captum
404 1847 469 1910 iam
484 1846 649 1911 Pisonem:
674 1868 738 1930 qua
760 1847 887 1911 ratione
910 1846 1073 1911 deterritis

55 1935 105 2000 eis
129 1934 255 2020 reliqua
277 1936 435 2000 uictoriae
459 1935 703 2000 consummauit.

126 2024 156 2088 6.
188 2022 376 2089 Alcibiades
404 2024 439 2086 in
463 2021 587 2105 Sicilia,
615 2029 687 2089 eum
713 2021 933 2106 Syracusanos
957 2045 1073 2106 capere
1092 2023 1126 2072 20

56 2111 166 2191 uellet,
187 2133 226 2176 ex
240 2108 493 2197 Catiniensibus,
517 2112 601 2196 apud
621 2116 787 2198 questum
807 2111 982 2177 exercitum
1001 2133 1074 2176 con·

57 2200 199 2284 tinebat,
238 2201 398 2285 quendam
431 2201 619 2285 exploratae
656 2201 821 2266 sollertiae
852 2200 1003 2265 submisit
1034 2199 1075 2264 ad

59 2287 292 2375 Syracusanos.
338 2291 367 2354 is
397 2291 433 2354 in
464 2289 631 2374 publicum
667 2289 841 2355 concilium
872 2288 1074 2354 introductus

57 2379 222 2463 persuasit
245 2378 474 2445 infestissimos
499 2401 568 2444 esse
592 2377 795 2444 Catinienses
817 2378 1074 2443 Atheniensibus

60 2471 108 2551 et,
132 2467 160 2532 si
184 2466 415 2533 adiuuarentur
437 2491 457 2533 a
481 2465 705 2551 Syracusanis,
728 2467 883 2550 futurum,
905 2471 943 2531 ut
966 2467 1074 2551 oppri·
1093 2465 1128 2513 2⁶

58 2561 186 2622 merent
210 2577 265 2622 eos
289 2560 323 2621 et
345 2556 561 2622 Alcibiadem:
586 2578 707 2640 quare
731 2556 861 2622 adducti
880 2553 1076 2641 Syracusani

57 2644 219 2710 uniuersis
238 2646 363 2710 uiribus
378 2643 530 2710 Catinam
548 2646 682 2729 petituri
700 2648 938 2731 processerunt,
961 2644 1076 2709 relicta

58 2733 205 2817 ipsorum
228 2734 318 2819 urbe,
342 2756 439 2819 quam
463 2758 483 2799 a
506 2737 599 2819 tergo
624 2734 756 2800 adortus
776 2732 961 2798 Alcibiades
985 2733 1075 2797 deso-

59 2822 176 2904 latam,
199 2826 236 2887 ut
259 2826 461 2908 sperauerat,
484 2823 618 2888 adflixit.

132 3049 284 3104 etatulam
299 3050 343 3105 H¹
359 3053 363 3118 Ι
384 3051 513 3106 6101111111
526 3066 576 3106 om.
590 3048 633 3104 Η1
649 3051 654 3116 Ι
671 3055 685 3103 7
702 3050 837 3103 chrotona
846 3048 881 3116 P,
899 3043 1056 3115 item'infra

59 3118 166 3174 frustra
185 3120 341 3175 obsedisset
359 3137 409 3176 cm.
425 3121 489 3189 H¹1
513 3124 577 3175 101
579 3137 625 3174 am
643 3135 677 3172 ex
695 3120 752 3189 Hi
779 3124 811 3172 11
831 3116 988 3173 custodiam
1006 3118 1052 3172 Hl

62 3196 95 3245 11
113 3190 144 3244 id
163 3207 196 3246 ea
215 3190 251 3245 ad
265 3191 317 3255 H!
344 3197 376 3246 15
396 3191 672 3274 charthaginensium
686 3190 721 3244 H
739 3198 742 3256 l
769 3197 802 3244 16
821 3189 923 3243 turrib
939 3191 943 3257 Ι
959 3189 1078 3243 circum-

60 3263 140 3332 septo
154 3263 173 3316 d
189 3264 193 3331 Ι
212 3268 243 3316 19
264 3279 292 3316 es
302 3261 347 3316 H¹
363 3266 367 3330 1
384 3261 506 3318 uictoria
515 3263 550 3317 H
552 3262 560 3292 ¹
576 3263 580 3332 Ι
595 3262 734 3330 reliquam
753 3260 902 3315 uictoriam
920 3261 958 3330 11
975 3266 1009 3315 10
1029 3259 1078 3330 Sy-

59 3347 174 3386 racusas
197 3333 356 3389 111111εά
380 3334 415 3401 of.
429 3351 460 3417 p
480 3337 582 3400 97,14
601 3339 647 3401 99,
662 3339 680 3388 8
710 3334 714 3401 Ι
744 3338 777 3386 11
802 3331 1028 3387 catheniensibus
1047 3332 1082 3397 H

59 3402 269 3458 cataniensibus
279 3404 307 3457 P
321 3404 512 3460 catinensibus
526 3406 545 3460 d
561 3411 565 3472 Ι
582 3375 651 3474 aput
665 3404 708 3459 H¹
725 3405 729 3472 Ι
752 3408 785 3457 13
805 3402 849 3457 his
866 3402 912 3471 ΡΙ
929 3392 1079 3459 concilium

63 3474 304 3530 01111111111111111
322 3476 387 3531 ΗΡ
404 3483 408 3541 Ι
429 3474 596 3531 introductis
600 3423 660 3529 pH¹
684 3479 689 3543 1
709 3480 744 3529 14
763 3476 809 3529 cat
797 3474 956 3529 thenienses
974 3476 993 3528 b
1011 3473 1079 3528 cati

60 3561 161 3600 nenses
181 3547 220 3618 dt
240 3551 275 3601 16
293 3546 447 3603 alcibiades
467 3546 502 3601 H
523 3547 528 3618 Ι
553 3551 587 3601 18
606 3547 750 3603 acdesolat
738 3550 797 3603 tam
816 3545 851 3601 H

114 3645 210 3686 Fsosr
167 3654 256 3686 11111111
271 3645 305 3686 ed.
321 3645 414 3687 Gundcr
415 3656 491 3686 mann.
903 3639 918 3688 7
