2400 3944
150 188 193 252 14
353 188 428 244 IULI
446 187 625 244 PRONTINI
644 186 967 244 STRATEGEMATON

148 356 216 417 tere
245 354 278 416 et
300 351 476 415 transitum
500 350 630 433 minari;
659 372 794 435 eumque
823 351 1069 435 exspectatione
1096 352 1150 418 bar·

83 508 87 515 ,
148 441 245 505 baros
268 440 411 504 intentos
433 443 572 523 teneret,
588 439 735 504 insulam
754 440 852 524 paulo
870 440 1085 505 remotiorem
1103 442 1151 526 pri
1188 442 1192 481 ⁵

148 551 238 593 mum
260 528 391 614 exiguo,
414 527 528 593 deinde
551 528 673 593 maiore
696 528 857 612 praesidio
878 529 1051 611 occupavit
1071 533 1153 614 atquc
1189 531 1193 606 ῗ

149 617 223 682 inde
245 617 280 680 in
299 618 488 681 ulteriorem
505 617 609 700 ripam
628 618 821 681 transmisit:
845 617 885 681 ad
910 639 1008 702 quarn
1031 640 1154 684 manun
1190 619 1192 625 ’

113 706 392 790 supprimendam
417 728 490 771 cum
513 706 656 770 uniuersi
679 727 713 769 se
735 705 846 770 hostes
866 705 1076 791 effudissent,
1098 708 1154 793 ipsc
1191 708 1196 768 l

67 822 72 829 ·
148 794 251 859 libero
275 794 359 860 uado
382 799 606 879 transgressus
629 815 741 859 omnes
765 794 875 877 copias
899 795 1081 861 coniunxit.
1193 813 1196 836 ²

216 884 267 949 10.
297 883 493 967 Xenophon,
520 883 706 947 ulteriorem
733 882 839 967 ripam
862 882 1029 948 Armeniis
1053 888 1155 950 tenen·
1193 886 1196 967 ’ᾗ

148 973 249 1052 tibus,
273 973 353 1037 duos
377 972 472 1037 iussit
495 972 607 1057 quaeri
630 971 751 1053 aditus3
775 976 809 1036 et
831 993 903 1036 cnm
922 995 943 1036 a
962 972 1097 1058 (uado)
1119 973 1155 1038 in·

147 1060 268 1128 feriore¹
282 1059 431 1145 repulsus
446 1064 539 1145 esset,
558 1060 689 1124 transiit
708 1060 747 1124 ad
767 1060 927 1144 superius,
945 1061 1021 1125 inde
1037 1083 1156 1147 quoquc

96 1170 128 1218 10
147 1149 332 1232 prohibitus
346 1148 488 1213 hostium
502 1170 635 1213 occursu
649 1148 770 1232 repetit
784 1148 902 1213 uadum
916 1149 1067 1236 inferius,
1076 1151 1157 1216 iussa

148 1236 277 1321 quidem
318 1237 458 1302 militum
498 1240 592 1320 parte
629 1237 819 1320 subsistere,
859 1239 917 1318 [et]
955 1260 1053 1322 quae,
1093 1261 1156 1305 cun

147 1326 297 1390 Armenii
333 1327 375 1390 ad
411 1325 574 1391 inferioris
610 1325 686 1390 uadi
722 1327 859 1390 tutelam
895 1326 1070 1413 redissent,
1108 1350 1156 1412 per

148 1414 294 1498 superius
326 1415 622 1500 transgrederetur:
655 1414 816 1498 Armenii,
852 1415 1018 1480 credentes
1051 1418 1156 1483 decur-

148 1524 240 1567 suros
268 1524 394 1586 omnes,
427 1503 553 1587 decepti
585 1506 661 1567 sunt
689 1527 709 1568 a
735 1504 990 1587 remanentibus,
1024 1504 1061 1568 hi
1091 1527 1157 1571 cun

95 1613 127 1661 rs
147 1593 318 1656 resistente
336 1592 426 1657 nullo
444 1592 564 1656 uadum
583 1597 805 1676 superassent,
828 1593 1069 1658 transeuntium
1092 1616 1156 1660 suo

80 1680 622 1766 ‚mfflmmwfflma

217 1771 266 1835 11.
298 1770 424 1854 Appius
453 1768 607 1835 Claudius
636 1769 749 1833 consul
778 1768 883 1852 primo
911 1769 999 1834 bello
1028 1770 1156 1850 Punico,

147 1880 220 1923 cum
253 1881 272 1922 a
301 1857 405 1944 Regio
438 1857 623 1923 Messanam
659 1859 795 1922 traicere
828 1858 967 1922 militem
1003 1861 1157 1944 nequiret,

147 1947 405 2012 custodientibus
429 1947 547 2012 fretum
570 1946 703 2031 Poenis,
725 1947 846 2030 sparsit
869 1968 1044 2033 rumorem,
1067 1948 1156 2032 quasi

94 2055 127 2104 10
146 2035 269 2100 bellum
301 2036 427 2101 iniussu
459 2036 572 2121 populi
602 2036 767 2119 inceptum
799 2055 912 2119 gerere
943 2058 1010 2100 non
1040 2041 1157 2120 posset,

147 2125 345 2208 classemque
368 2127 403 2189 in
425 2123 557 2189 Italiam
585 2145 698 2188 uersus
722 2145 756 2187 se
780 2144 876 2207 agere
904 2124 1087 2191 simulauit:
1116 2126 1157 2190 di·

147 2213 267 2294 gressis
291 2212 405 2275 deinde
428 2211 561 2294 Poenis,
589 2213 644 2296 qui
667 2212 862 2296 profectioni
886 2213 953 2277 eius
977 2213 1157 2280 habuerant

144 2299 256 2382 fidem,
280 2301 489 2364 circumactae
512 2322 613 2364 naues
637 2301 764 2383 appulit
786 2300 923 2365 Siciliae.

215 2389 266 2453 12.
289 2386 619 2453 Lacedaemoniorum
639 2389 749 2473 duces,
773 2411 846 2454 cum
866 2389 1044 2474 Syracusas
1067 2391 1157 2456 nani·

93 2496 127 2545 10
147 2497 224 2561 gare
255 2477 474 2542 destinassent
503 2481 536 2542 et
562 2468 744 2542 Poenorum
773 2479 966 2562 dispositam
994 2501 1053 2563 per
1082 2481 1158 2546 litus

146 2566 284 2631 classem
302 2567 467 2651 timerent,
491 2567 600 2632 decem
618 2567 756 2632 Punicas
775 2589 890 2651 naues,
911 2589 992 2652 quas
1012 2569 1158 2652 captiuas

145 2654 322 2737 habebant,
346 2656 449 2720 ueluti
471 2655 620 2721 uictrices
644 2657 766 2740 primas
789 2657 954 2720 iusserunt
972 2657 1039 2740 agi,
1064 2662 1159 2722 anta
1194 2690 1196 2701 ·

145 2744 248 2807 latere
276 2742 395 2809 iunctis
424 2749 480 2810 aut
502 2767 611 2830 puppe
634 2745 781 2828 religatis
805 2744 930 2828 <suis>2
960 2766 1024 2829 qua
1053 2746 1158 2830 specie

146 2831 287 2915 deceptis
311 2832 429 2898 Poenis
452 2836 660 2899 transierunt.

92 2938 126 2986 30
214 2921 264 2987 13.
296 2920 480 3008 Philippus,
513 2945 585 2986 cum
615 2921 786 3007 angustias
811 2922 924 3006 maris,
951 2944 1034 3006 quae
1058 2924 1158 2991 (Στενὰ

216 3068 231 3114 1
250 3061 359 3116 teneret
376 3060 417 3128 H,
434 3061 481 3116 scd
494 3062 577 3130 prior
593 3063 607 3114 t
624 3062 657 3115 iu
674 3077 729 3117 ros.
748 3062 868 3116 duorum
887 3061 937 3115 1111.
957 3063 975 3115 1
995 3063 999 3131 Ι
1023 3063 1111 3129 paulo
1129 3062 1162 3117 H

144 3133 176 3184 io
198 3146 252 3186 ras.
269 3132 274 3203 Ι
292 3137 307 3186 1
326 3129 476 3186 armoeniis
494 3131 529 3184 H
541 3135 545 3196 l
566 3138 582 3187 8
602 3133 656 3186 duo
678 3133 706 3186 P
720 3137 723 3200 Ι
739 3132 813 3187 uado
833 3133 896 3188 add.
918 3131 988 3187 Oud.
1006 3136 1010 3200 1
1026 3131 1159 3188 inferiore

144 3202 270 3256 Eussner
298 3202 425 3258 citeriore
448 3201 484 3255 H
487 3204 515 3256 P
538 3211 542 3269 ι
572 3208 588 3256 9
612 3202 784 3271 superiorem
807 3205 865 3258 edd.
891 3206 896 3270 Ι
923 3210 955 3258 10
978 3202 1096 3272 repetiit
1115 3203 1156 3276 dl

144 3273 221 3326 iussa
240 3272 352 3340 quidem
373 3273 445 3328 Oud.
463 3273 594 3343 iussaque
611 3273 719 3329 ibidem
737 3274 765 3328 P
786 3275 864 3328 iussu
883 3277 964 3343 parte
982 3275 1091 3330 00110010
1108 3293 1159 3331 me·

144 3343 243 3398 0111οΗ
255 3346 260 3413 Ι
277 3349 309 3397 11
321 3345 459 3399 0111010011
470 3344 540 3400 Ood.
560 3348 588 3399 et
602 3362 674 3415 quae
684 3346 718 3399 H
734 3361 768 3400 ex
782 3363 837 3414 qua
848 3345 894 3414 ΡΙ
912 3351 944 3399 11
960 3345 1097 3400 armoenii
1107 3347 1142 3400 H
1153 3345 1158 3418 1

143 3415 265 3468 totulam
276 3414 320 3467 Η1
341 3419 345 3484 Ι
368 3420 401 3469 11
414 3414 522 3485 Appius
538 3416 609 3472 Oud.
633 3417 663 3472 P.
676 3416 711 3470 H
713 3417 752 3482 P;
771 3418 805 3483 cf.
818 3417 907 3484 praef.
922 3416 944 3488 ἕ
957 3422 991 3470 11
1008 3420 1013 3482 Ι
1035 3421 1068 3470 18
1088 3435 1159 3472 mes·

144 3502 214 3540 sana
232 3487 270 3554 11
290 3491 324 3540 11
343 3485 517 3555 profectione
531 3487 583 3556 ΗΙ
604 3493 637 3543 15
657 3505 708 3558 per
725 3487 793 3542 litus
804 3487 920 3543 000001,
939 3486 1051 3556 penitus
1065 3487 1102 3540 H
1106 3487 1162 3613 Pp

144 3561 178 3611 18
207 3557 264 3611 suis
292 3558 355 3613 add.
382 3557 466 3614 Pauo.
491 3559 554 3613 aliis
578 3560 642 3616 add.
667 3560 686 3614 d
714 3562 719 3626 Ι
748 3564 783 3614 30
809 3560 896 3613 (τενὰ
918 3574 968 3614 aas
991 3559 1071 3613 ciana
1094 3560 1131 3614 H
