2400 3944
127 191 202 257 ‚106
341 190 417 247 IULI
434 189 611 246 FRONTINI
630 188 955 246 STRATEGEMATON

205 355 234 419 5.
257 352 501 438 Epaminondas
520 352 753 436 Mantinia<e>,
776 373 850 418 eum
877 351 1146 420 Lacedaemonios

138 444 172 507 in
191 443 372 507 subsidium
387 442 474 507 hosti
486 443 614 507 uenisse
638 442 919 525 animaduerteret,
941 446 1037 508 ratus
1061 464 1149 529 posse

70 552 73 557 ·
137 531 411 597 Lacedaemonem
434 531 599 615 occupari,
627 531 655 595 si
678 532 762 595 olam
785 531 842 595 illo
866 529 1036 614 proiectus
1061 536 1148 615 esser,

136 626 232 685 nocte
256 621 386 685 crebros
409 621 500 705 ignes
528 619 600 684 fieri
622 620 736 703 iussit,
768 624 805 685 ut
834 620 941 704 specie
964 621 1150 687 remanendi

102 725 118 774 0
138 709 315 775 occultaret
332 709 577 794 profectionem.
623 708 679 772 sed
694 730 714 773 a
727 708 898 793 transfuga
915 708 1080 793 proditus,
1102 710 1149 775 ad·

139 799 416 864 secuto‘exercitu
434 797 774 880 Lacedaemoniorum,
797 798 912 862 itinere
935 797 1072 880 quidem
1095 820 1150 883 quo

139 885 291 971 Spartam
319 888 452 971 petebat
479 886 618 970 destitit,
641 886 727 951 idem
750 890 861 950 tamen
885 887 1061 951 consilium
1086 910 1152 953 con·

137 978 237 1041 uertit
260 977 301 1041 ad
316 976 564 1041 Mantinienses:
589 996 691 1059 aeque
715 975 800 1039 enim
824 975 954 1060 ignibus
979 975 1083 1041 factis
1100 977 1153 1041 La-

137 1064 371 1150 cedaemonios,
390 1065 483 1150 quasi
497 1067 652 1147 maneret,
668 1063 844 1129 frustratus
863 1085 920 1148 per
938 1064 1154 1152 quadraginta

86 1169 119 1219 10
137 1155 228 1218 milia
250 1175 406 1238 passuum
424 1154 561 1218 reuertit
578 1151 771 1218 Mantiniam
796 1173 932 1236 eamque
956 1153 1084 1220 auxilio
1105 1154 1153 1219 de·

137 1243 287 1307 stitutam
312 1242 492 1326 occupauit.

136 1486 186 1541 EX
204 1485 415 1542 CONTRARIO
436 1487 560 1560 [VERO]
580 1486 687 1542 CIRCA
711 1485 886 1542 TUTELAM
902 1485 1153 1545 osssnssonum

309 1593 370 1648 XII.
398 1593 446 1647 DE
465 1592 681 1649 EXCITANDA
699 1591 798 1649 CURA
818 1592 978 1649 SUOBUM.

184 1759 211 1821 1.
239 1757 425 1822 Alcibiades
444 1756 551 1842 <dux>
571 1755 828 1839 Atheniensium,
851 1754 984 1820 ciuitate
1005 1779 1068 1822 sua
1091 1755 1149 1841 <a>

87 1861 119 1910 10
138 1844 402 1911 Lacedaemoniis
426 1847 573 1930 obsessa,
600 1845 722 1910 ueritus
751 1844 991 1929 neglegentiam
1016 1846 1151 1932 uigilum

138 1934 342 1999 denuntiauit
364 1935 416 1999 his
447 1934 559 2019 quiin
582 1934 780 1999 stationibus
804 1936 911 2016 erant,
939 1934 1151 2000 obseruarent

136 2023 254 2102 lumen,
278 2024 364 2109 quod
378 2027 473 2089 nocte
486 2027 673 2088 ostentorus
693 2027 779 2087 esset
798 2043 836 2086 ex
857 2043 937 2104 arce,
961 2026 994 2086 et
1020 2023 1063 2088 ad
1086 2045 1152 2089 oon·

137 2116 282 2197 spectum
311 2114 380 2178 eius
407 2113 471 2197 ipsi
498 2134 624 2198 quoque
652 2112 777 2176 lumina
800 2111 1000 2195 attollerent,
1034 2112 1071 2177 in
1094 2131 1151 2196 quo

137 2223 269 2267 munere
289 2201 345 2287 qui
367 2206 535 2284 cessasset,
553 2223 690 2285 poenam
709 2221 893 2284 passurum:
918 2198 995 2264 dum
1017 2200 1151 2267 sollicite

84 2305 118 2356 20
138 2294 342 2374 exspectatur
361 2291 492 2374 signum
515 2290 613 2372 ducis,
636 2289 868 2374 peruigilatum
892 2289 933 2353 ab
948 2290 1103 2356 omnibus
1124 2291 1153 2355 et

138 2383 306 2463 suspectae
328 2379 434 2442 noctis
457 2379 635 2462 periculum
659 2378 818 2443 euitatum
842 2381 900 2442 est.

205 2469 235 2531 2.
272 2467 453 2552 Iphicrates
487 2467 551 2531 dux
583 2466 849 2544 Atheniensium,
886 2487 958 2530 oum
990 2465 1151 2550 praesidio

138 2554 330 2621 Corinthum
353 2559 479 2621 teneret
501 2562 534 2621 st
563 2557 622 2621 sub
647 2556 822 2621 aduentum
845 2554 990 2619 hostium
1015 2555 1088 2639 ipse
1109 2555 1152 2620 ui·

138 2644 234 2729 gilias
254 2644 445 2729 circumiret,
468 2645 610 2730 uigilem,
630 2666 725 2729 quem
743 2643 957 2708 dormientem
975 2642 1152 2728 inuenerat,

85 2748 118 2798 00
137 2733 300 2798 transfixit
330 2734 473 2818 cuspide:
503 2733 589 2819 quod
616 2732 737 2799 iactum
767 2731 959 2819 quibusdam
982 2734 1151 2821 tamquam

210 2932 224 2980 1
248 2926 451 2997 Epiminondas
469 2926 514 2980 H¹
545 2924 754 2994 Epimanondas
772 2925 791 2978 h
815 2927 820 2991 1
848 2921 1004 2978 Mantiniae
1032 2941 1097 2981 nos:
1121 2924 1152 2992 cf.
1173 2923 1176 2927 ’

135 3014 164 3066 p.
184 3003 232 3066 52,
251 3004 287 3054 21
307 3003 332 3052 et
353 2999 432 3068 Troy.
447 2999 519 3068 prol.
535 3002 595 3063 6,6
617 2995 755 3050 mantinia
769 2995 832 3049 ΗΡ
852 2994 1055 3052 mantiniamd
1081 2995 1153 3066 apud

136 3067 383 3193 11110Ἒο0000.
405 3072 410 3135 Ι
433 3068 609 3124 Ainobsidir'r
627 3067 682 3122 hoo
699 3067 809 3122 uenisse
827 3066 871 3121 11¹
894 3067 899 3135 Ι
923 3071 939 3120 9
959 3066 1027 3123 .XL.
1048 3067 1098 3137 ΡΙ
1122 3069 1153 3120 10

138 3156 210 3207 aque

211 3217 243 3265 12
263 3227 330 3265 uero
349 3211 427 3265 eiecit
444 3211 464 3265 d
480 3215 517 3264 1'15
532 3210 564 3264 H
580 3209 644 3265 uelo
659 3211 698 3265 P:
715 3210 751 3278 of.
761 3226 792 3279 p.
807 3213 852 3275 89,
866 3213 885 3263 8
901 3211 906 3274 ι
923 3214 955 3263 13
974 3207 1154 3266 exercitanda

138 3281 207 3348 ΗΡ,
226 3297 295 3336 corr.
310 3283 349 3352 dt
372 3287 406 3335 14
424 3282 480 3335 dux
497 3283 639 3350 soppzeos:
657 3283 691 3349 cf.
708 3299 739 3351 p.
755 3286 817 3348 101,
831 3282 887 3350 191
908 3279 1020 3335 athonis
1034 3280 1063 3335 P
1077 3281 1154 3337 athe·

138 3352 243 3406 niensis
258 3354 277 3406 d
292 3356 296 3421 t
312 3368 330 3405 a
348 3354 412 3407 add.
427 3354 446 3407 d
462 3353 466 3419 Ι
484 3357 517 3407 16
536 3351 627 3421 ἰὶεΡΙ
648 3359 681 3407 17
701 3353 863 3408 ostensurus
877 3352 896 3406 d
912 3350 916 3421 Ι
938 3353 1016 3406 esset
1032 3367 1086 3408 om.
1099 3350 1134 3407 H

139 3429 173 3478 19
188 3438 300 3477 munere
315 3421 364 3492 qui
378 3423 418 3490 H,
431 3425 477 3478 sed
491 3440 521 3477 re
536 3424 585 3492 qui
598 3425 631 3478 ia
643 3440 699 3478 ras.
715 3425 733 3478 h
748 3425 753 3494 Ι
769 3426 925 3478 cessassent
934 3423 969 3477 H
983 3428 1050 3478 ante
1062 3438 1133 3479 corr.

138 3500 171 3548 21
192 3493 328 3550 euitatum
342 3493 387 3560 H,
405 3495 452 3549 sed
470 3494 493 3548 it
510 3495 543 3548 in
560 3497 751 3564 0000010000
768 3495 872 3565 utam
889 3499 923 3550 23
942 3492 1004 3565 ipse
1023 3493 1135 3551 0111.Ιῖι

138 3571 174 3620 24
192 3566 339 3620 inuenerat
356 3564 391 3618 H
414 3565 526 3619 uiderat
541 3566 569 3620 P
