2400 3944
367 170 370 177 ’
445 195 555 252 urana
572 199 593 251 r.
623 195 699 252 cur.
721 203 744 250 1.
1080 198 1101 263 5

84 380 162 424 eum
184 357 269 422 forte
291 358 326 422 in
348 357 444 424 horto
469 359 663 443 ambularet,
686 359 836 424 decussit.
876 361 1008 425 nuntius
1033 361 1103 425 sine

83 468 244 530 responso
276 469 424 512 reuersus
457 448 658 513 renuntiauit
690 448 888 514 adulescenti
916 448 1103 535 TarquiniO,

84 536 166 620 quid
201 539 352 620 agentem
383 540 511 620 patrem
543 535 694 602 uidisset:
726 537 780 602 ille
812 537 985 623 intellexit,
1017 538 1103 602 idem

85 646 160 691 esse
184 624 401 689 eminentibus
424 624 618 690 faciendum.

156 713 185 781 5.
209 711 243 779 O.
258 710 387 795 Caesar,
406 714 493 798 quod
508 717 693 798 suspectam
707 714 851 780 habebat
865 715 1103 800 Aegyptiorum
1121 731 1138 781 5

84 803 199 885 fidem,
220 822 279 886 per
302 803 443 887 speciem
466 803 650 868 securitatis
674 804 869 887 inspectioni
892 804 982 868 urbis
1007 807 1103 889 atque

85 913 223 976 operum
243 913 280 956 ac
300 892 396 955 simul
414 890 639 956 licentioribus
659 893 817 956 conuiuiis
837 891 978 974 deditus,
1001 892 1103 957 uideri

84 980 195 1045 uoluit
222 982 353 1063 captum
381 1002 415 1045 se
443 981 552 1065 gratia
583 983 729 1046 locorum
763 980 803 1044 ad
832 1001 938 1045 mores
967 981 1104 1045 Alexan-

85 1069 199 1134 drinos
227 1069 393 1153 uitamque
421 1068 570 1134 deficere:
599 1074 695 1153 atque
718 1069 803 1134 inter
826 1091 898 1134 eam
922 1069 1103 1134 dissimula-

84 1158 212 1223 tionem
235 1157 439 1241 praeparatis
463 1157 619 1222 subsidiis
643 1157 814 1241 occupauit
836 1158 1033 1243 Aegyptum.
1123 1175 1157 1224 10

157 1247 187 1311 6.
214 1243 387 1311 Ventidius
411 1245 565 1310 Parthico
589 1246 674 1311 bello
699 1246 852 1311 aduersus
875 1245 1034 1312 Pacorum
1058 1268 1105 1311 re·

87 1356 178 1421 gem,
200 1354 267 1398 non
288 1335 422 1419 ignarus
445 1333 652 1400 Pharnacem
676 1335 849 1420 quendam,
872 1335 1005 1401 natione
1027 1334 1105 1419 Cyr-

85 1425 244 1507 rhestem,
263 1444 302 1487 ex
320 1423 371 1488 his
392 1423 447 1508 qui
465 1424 545 1488 socii
564 1424 768 1507 uidebantur,
786 1424 897 1489 omnia
916 1447 999 1508 quae
1019 1425 1105 1509 apud

85 1512 185 1597 ipsos
210 1516 386 1595 agerentur
416 1513 568 1577 nuntiare
595 1512 742 1597 Parthis,
773 1513 941 1597 perfidiam
973 1513 1105 1577 barbari

87 1600 131 1665 ed
155 1599 315 1664 utilitates
343 1621 419 1665 suas
448 1602 616 1665 conuertit.
661 1624 738 1666 nam
764 1623 846 1686 quae
870 1602 1011 1666 maxime
1033 1601 1104 1665 fieri
1125 1615 1157 1665 ro

85 1688 252 1774 cupiebat,
276 1709 315 1752 ea
332 1689 437 1754 uereri
457 1711 491 1753 se
510 1711 552 1755 ne
571 1690 766 1772 acciderent,
790 1712 872 1774 quae
893 1690 1044 1774 timebat,
1067 1711 1105 1754 ea

85 1784 125 1843 ut
154 1779 322 1842 euenirent
349 1782 461 1861 optare
490 1777 675 1843 simulabat.
722 1779 879 1842 sollicitus
910 1779 1033 1862 itaque,
1064 1799 1105 1842 ne

83 1865 203 1932 Parthi
233 1869 308 1931 ante
335 1867 513 1931 transirent
540 1865 746 1950 Euphraten,
779 1888 875 1950 quam
904 1866 967 1929 sibi
995 1887 1105 1948 super—

85 1955 239 2020 uenirent
268 1954 412 2038 legiones
440 1976 520 2038 quas
548 1956 584 2018 in
612 1953 818 2038 Cappadocia
846 1959 937 2018 trans
962 1953 1104 2018 Taurum

83 2043 245 2125 habebat,
277 2042 420 2107 studiose
454 2065 526 2106 eum
558 2043 725 2125 proditore
758 2043 842 2127 egit,
874 2043 923 2107 uti
955 2042 1105 2107 sollemni
1123 2059 1157 2109 2ο

84 2131 222 2218 perfidia
240 2130 373 2196 Parthis
397 2131 559 2215 suaderet,
583 2153 641 2214 per
658 2130 804 2216 Zeugma
821 2132 996 2197 traicerent
1019 2153 1105 2196 exer·

85 2221 203 2304 citum,
233 2242 297 2304 qua
325 2224 358 2283 et
381 2219 608 2284 breuissimum
632 2220 694 2284 iter
718 2224 768 2284 est
791 2224 824 2285 et
846 2220 987 2286 demisso
1011 2221 1104 2285 alueo

84 2309 273 2393 Euphrates
302 2309 458 2374 decurrit:
489 2330 629 2394 namque
653 2310 682 2373 si
705 2309 763 2374 illa
785 2310 945 2394 uenirent,
975 2309 1104 2375 adseue-

84 2397 184 2463 rabat
207 2419 241 2462 se
266 2397 510 2482 opportunitate
539 2398 671 2463 collium
699 2421 833 2463 usurum
861 2399 901 2462 ad
930 2397 1104 2463 eludendos
1142 2399 1144 2402 ’

86 2486 294 2572 sagittarios,
327 2487 437 2551 omnia
469 2489 577 2550 autem
609 2487 729 2570 uereri,
760 2488 787 2552 si
821 2509 856 2552 se
888 2487 974 2551 infra
1002 2487 1102 2570 <per>
1123 2502 1156 2552 25

83 2575 230 2660 patentis
250 2596 381 2658 campos
400 2575 622 2659 proiecissent.
655 2575 780 2640 inducti
798 2575 860 2640 hac
879 2575 1103 2640 adfirmatione

83 2664 221 2730 barbari
239 2661 391 2727 inferiore
409 2663 524 2729 itinere
542 2686 601 2748 per
619 2664 788 2729 circuitum
803 2663 1004 2729 adduxerunt
1018 2686 1104 2728 exer·

85 2753 188 2819 citum
220 2752 358 2836 dumque
390 2751 530 2818 fusiores
558 2753 647 2836 ripas
676 2756 712 2843 et
737 2753 778 2818 ob
812 2754 874 2818 hoc
902 2752 1104 2837 operosiores

159 2932 175 2980 2
195 2924 419 2994 adolescentitl
442 2931 458 2980 3
477 2927 587 2994 partem
602 2927 635 2981 H
638 2927 646 2957 ¹
662 2927 666 2998 Ι
683 2933 700 2980 4
713 2931 780 2996 post
793 2925 875 2981 emin.
896 2926 975 2980 addit
993 2925 1103 2980 ciuibus

84 2998 217 3054 Herelius
235 2996 352 3052 Gabinis
371 2996 441 3051 Ded.
448 3017 458 3064 ‚·
475 2997 522 3052 sed
540 2998 574 3064 ef.
596 2997 660 3053 Tac.
679 2997 748 3067 Apr.
764 3001 782 3053 5
802 3000 806 3066 Ι
827 3002 843 3051 5
863 2995 892 3052 Ο.
912 3012 962 3053 om.
977 2996 1023 3064 Pl
1043 3011 1103 3051 cae-

85 3085 134 3124 sar
151 3068 192 3135 H,
209 3070 256 3124 sed
274 3085 289 3123 c
307 3069 340 3121 ia
352 3083 408 3122 ros.
423 3069 461 3133 t!
482 3075 497 3122 6
516 3068 689 3138 inspectione
704 3068 773 3134 ΗΡ,
791 3084 861 3124 corr.
875 3068 894 3121 d
910 3066 914 3137 Ι
938 3073 953 3121 8
973 3069 1102 3135 capture

84 3141 116 3196 P
134 3141 139 3208 Ι
163 3143 196 3194 ut
214 3140 249 3193 ad
266 3140 294 3193 P
319 3141 349 3193 et
367 3138 403 3193 ad
422 3139 497 3206 edd.;
515 3139 550 3206 cf.
565 3141 656 3208 praef.
675 3139 726 3210 §1
748 3145 752 3204 Ι
779 3145 794 3193 9
815 3138 948 3194 deficeret
966 3138 1035 3204 ΗΡ,
1054 3155 1101 3193 em.

84 3212 146 3266 edd.
169 3213 173 3277 Ι
200 3216 232 3264 12
247 3209 424 3264 Pharnaeum
441 3208 511 3264 Oud.
535 3210 663 3264 farreum
677 3210 710 3264 H
715 3211 756 3278 P‚·
774 3208 1033 3277 XcvvctovDio49,
1044 3214 1079 3265 19
1096 3209 1100 3280 Ι

87 3282 251 3351 cyrrhesten
269 3281 297 3334 P
317 3282 322 3348 Ι
349 3286 381 3335 13
401 3280 485 3350 quac]
506 3280 555 3348 qui
573 3281 617 3334 Η·1
638 3289 649 3347 κ
669 3288 701 3336 15
721 3287 758 3334 na
776 3297 849 3349 quae
867 3281 1019 3350 (circulum
1038 3281 1101 3336 adi.

85 3359 112 3408 ei
131 3368 203 3422 quae
226 3355 258 3407 iu
281 3368 335 3407 ros.
355 3352 467 3419 scripsit
484 3351 513 3417 b)
533 3351 565 3404 Η
589 3355 593 3419 Ι
624 3357 657 3407 16
675 3352 816 3407 timebant
830 3352 864 3405 H
886 3351 891 3422 Ι
916 3356 954 3405 -17
973 3351 1103 3406 uenirent

86 3427 186 3494 optare
207 3427 235 3492 (o
253 3425 285 3478 iri
298 3438 354 3477 raa.
369 3424 399 3491 b)
412 3421 444 3474 Η
460 3424 464 3491 Ι
480 3420 664 3480 simulabatur
678 3424 712 3476 Η
725 3427 729 3491 Ι
749 3429 783 3477 22
803 3422 925 3478 demisso
943 3423 990 3477 uir
1008 3424 1103 3477 metue

87 3496 166 3564 apud
181 3494 251 3551 Oud.
266 3492 370 3549 omisso
381 3493 446 3546 ΗΡ
464 3493 612 3548 commisso
629 3493 699 3548 Oud.
716 3500 720 3560 1
737 3499 771 3548 23
791 3493 858 3549 cuir.
869 3494 950 3562 HPl
970 3491 1038 3547 illac
1053 3493 1081 3546 P

86 3572 122 3621 26
134 3583 186 3637 per
195 3565 366 3622 addHariel
378 3562 410 3618 in
419 3565 482 3620 add.
494 3563 563 3620 Oud.
582 3571 586 3631 Ι
602 3569 636 3619 27
643 3563 826 3637 silexercitum
837 3568 917 3633 (erae.
929 3567 957 3618 et
965 3565 1010 3619 uel
1019 3566 1064 3632 ex)
