2400 3944
122 181 185 249 118
325 185 400 240 IULI
418 181 595 239 FRONTINI
614 181 938 239 STRATEGEMATON

119 347 371 499 prglssmssefflli
392 355 429 410 ut
452 368 610 500 quemqpe
634 348 804 411 inuenerat
830 348 988 429 stantem,
1022 345 1126 412 itacd

120 458 157 501 or
180 457 248 500 mes
272 458 305 500 m
372 456 409 500 ae
455 457 590 500 rouexr.

187 524 216 589 9.
248 522 413 608 Lysander
431 459 718 590 pLacedaemonius
750 544 917 608 egressum
950 524 1008 589 uia
1041 546 1129 609 quen·

120 613 195 678 dam
214 613 408 696 castigabat.
444 613 497 678 cui
515 613 634 678 dicenti
653 613 694 677 ad
711 612 833 678 nullius
856 612 904 677 rei
925 613 1079 696 rapinam
1100 634 1129 678 se

84 702 162 769 cab
192 702 321 786 agmine
347 702 521 768 recessisse
548 702 732 787 respondit:
764 700 817 766 ‘ne
841 701 982 784 speciem
1007 702 1129 787 quidem

119 791 247 875 rapturi
269 792 425 874 praebeas
450 789 545 856 uolo.'

188 880 239 945 10.
270 879 472 965 Antigonus,
501 901 575 945 cum
601 879 705 943 filium
734 900 827 944 suum
856 877 1004 944 audisset
1027 879 1131 944 deuer-

119 968 199 1033 tisse
222 969 257 1033 in
280 990 360 1034 anus
384 969 533 1050 domum,
565 969 617 1033 aui
646 971 712 1032 tres
741 967 828 1032 filiae
859 967 1006 1051 insignes
1032 968 1132 1052 specie

120 1061 239 1139 essent,
262 1054 393 1140 ‘audio'‚
415 1058 530 1142 inquit,
553 1056 621 1135 ‘fili
644 1060 781 1141 anguste
804 1055 955 1121 habitare
978 1060 1015 1120 te
1039 1056 1132 1141 pluri·

68 1164 101 1214 ιο
119 1144 180 1210 bus
209 1145 348 1210 dominis
376 1146 508 1212 domurn
535 1144 793 1230 possidentibus:
820 1144 1003 1229 hospitium
1033 1146 1131 1210 laxius

120 1233 254 1318 aecipe':
286 1235 437 1318 iussoque
470 1235 685 1320 commigrare
713 1234 832 1317 edixit,
857 1255 898 1298 ne
926 1233 1001 1318 quis
1031 1236 1133 1301 minor

120 1322 358 1407 quinquaginta
395 1344 497 1388 annos
535 1329 631 1388 natus
662 1323 807 1407 hospitio
844 1323 958 1387 matris
992 1323 1133 1389 familias

118 1413 272 1476 uteretur.

190 1502 239 1566 11.
272 1499 309 1577 Q.
336 1498 486 1565 Metellus
517 1499 648 1583 consul,
680 1500 829 1585 quamuis
861 1500 952 1564 nulla
983 1500 1056 1585 lege
1089 1502 1134 1566 in·

67 1605 101 1656 15
119 1587 294 1673 pediretur,
317 1590 394 1673 quin
412 1589 516 1654 filium
535 1589 799 1654 contubernalem
821 1591 1015 1673 perpetuum
1040 1589 1133 1655 habe

120 1682 179 1756 ret,
202 1678 316 1742 maluit
338 1683 448 1743 tamen
472 1700 545 1742 enm
569 1679 603 1742 in
626 1677 738 1742 ordine
761 1699 892 1742 merere.

190 1769 240 1832 12.
272 1767 307 1832 Ρ.
334 1767 479 1833 Rutilius
512 1767 642 1850 consul,
675 1788 748 1831 eum
779 1767 954 1832 secundum
984 1766 1075 1853 leges
1102 1767 1134 1832 in

120 1856 331 1921 contubernio
356 1878 414 1921 suo
433 1855 553 1920 habere
571 1859 684 1939 posset
707 1855 820 1935 filium,
842 1857 877 1920 in
899 1854 1029 1940 legione
1054 1855 1133 1921 mili·

119 1947 186 2009 tem
208 1944 294 2010 fecit.

67 2051 101 2100 2ο
189 2034 238 2098 13.
271 2033 314 2098 Μ.
343 2032 481 2099 Scaurus
509 2032 628 2116 filium,
655 2032 742 2117 quod
769 2034 803 2098 in
833 2032 921 2097 saltu
944 2030 1133 2098 Tridentino

119 2121 191 2187 loco
221 2123 373 2187 hostibus
406 2126 563 2204 cesserat,
596 2123 629 2185 in
660 2126 870 2208 conspectum
900 2143 995 2186 suum
1026 2123 1147 2211 uenire,

119 2211 239 2276 uetuit:
262 2211 450 2276 adulescens
469 2209 662 2275 uerecundia
680 2211 880 2294 ignominiae
898 2232 1032 2294 pressus
1051 2233 1134 2277 mor-

120 2303 187 2363 tem
210 2300 272 2365 sibi
296 2299 465 2364 consciuit.

189 2389 239 2452 14.
272 2386 389 2454 Castra
417 2386 596 2471 antiquitus
625 2386 768 2452 Romani
800 2390 988 2472 ceteraeque
1007 2393 1134 2474 *gentes

67 2493 102 2543 25
121 2477 244 2559 passim
268 2498 325 2560 per
353 2497 489 2560 corpora
516 2475 699 2542 cohortium
727 2476 818 2542 uelut
844 2476 989 2559 mapalia
1017 2476 1135 2543 consti-

121 2568 212 2628 tuere
232 2565 321 2629 soliti
340 2571 443 2648 crant,
465 2587 538 2630 cum
558 2566 644 2631 solos
664 2565 793 2631 urbium
812 2586 923 2630 muros
946 2568 1060 2630 nosset
1083 2588 1135 2632 an·

120 2652 266 2739 tiquitas.
302 2653 445 2737 Pyrrhus
464 2653 677 2738 Epirotarum
696 2676 752 2719 rex
775 2655 898 2737 primus
916 2657 1025 2719 totum
1049 2677 1135 2720 exer·

121 2743 222 2807 citum
255 2744 315 2807 sub
348 2743 460 2808 eodem
493 2743 581 2808 uallo
610 2744 773 2808 continere
797 2743 949 2809 instituit.
996 2743 1137 2809 Romani

122 2830 245 2915 deinde,
267 2833 353 2898 nicto
378 2853 416 2896 eo
439 2834 474 2896 in
497 2833 619 2915 campis
639 2831 790 2897 Arusinis
814 2831 900 2897 circa
922 2831 1037 2896 urbem
1057 2831 1136 2898 Mal·

69 2937 104 2987 eo
122 2925 266 3004 uentum,
289 2921 405 2986 castris
430 2921 497 2985 eius
520 2920 618 3005 potiti
641 2925 675 2985 et
698 2920 900 2985 ordinatione
923 2922 1038 2984 notata
1063 2944 1137 3006 pau·

195 3066 208 3114 1
229 3059 406 3115 resiluissant
425 3059 450 3115 G
468 3057 643 3129 prosiluisset
661 3059 696 3113 H
700 3059 709 3090 ¹
730 3059 734 3130 Ι
760 3063 789 3115 et
806 3061 839 3114 ut
855 3058 890 3112 H
908 3065 912 3125 l
935 3059 972 3112 ad
990 3076 1042 3115 om.
1063 3062 1099 3117 H
1104 3061 1113 3092 ¹
1131 3062 1135 3132 l

122 3137 139 3184 4
158 3131 294 3186 didicenti
312 3133 346 3185 H
348 3131 356 3162 ¹
372 3131 377 3198 Ι
400 3135 415 3184 'l
436 3131 570 3185 euertisse
585 3130 635 3198 ΗΙ
651 3134 668 3183 8
686 3146 756 3185 anus
774 3147 825 3186 eros
843 3131 903 3184 eius
922 3129 1018 3186 GHP
1034 3130 1137 3187 uiduae

121 3202 246 3257 Eussner
263 3204 322 3258 rell.
344 3203 421 3257 Plut.
441 3202 569 3270 opcpbtb.
588 3203 685 3282 Antip.
706 3204 723 3257 5
746 3201 870 3256 mulieris
891 3201 974 3258 Gesta
990 3204 994 3271 Ι
1012 3208 1046 3257 11
1067 3201 1136 3257 dixit

124 3273 188 3327 GH
206 3275 209 3340 Ι
237 3278 269 3327 12
288 3271 318 3325 L.
338 3274 389 3340 G!
416 3279 448 3328 1⁵
468 3271 537 3343 quin
556 3272 604 3327 Ga
623 3290 672 3342 qur
693 3271 721 3327 in
741 3272 843 3341 H¹Pl
870 3278 903 3327 18
922 3272 1065 3343 legionem
1086 3275 1114 3328 P

122 3348 157 3397 20
180 3343 287 3396 trident
309 3342 339 3397 in
362 3344 500 3400 hocloco
524 3344 572 3410 Pl
597 3349 631 3398 22
657 3343 815 3399 aduliscens
839 3343 883 3397 Η1
906 3342 1113 3402 adolescensle

122 3419 157 3467 24
176 3415 326 3481 exemplum
338 3420 490 3485 suspectam
504 3417 583 3470 habet
597 3416 774 3471 Woclcsmatb
788 3418 793 3484 l
809 3420 843 3471 26
862 3414 1007 3538 mappalia
1022 3413 1087 3472 GH
1090 3415 1118 3471 P

122 3490 157 3539 27
176 3484 296 3554 pyrhrus
313 3485 338 3539 G
357 3504 454 3554 pyrrus
473 3487 519 3555 Pl
543 3492 577 3541 29
595 3487 771 3542 Maluentum
790 3486 913 3557 Scaliper
943 3487 1093 3543 atuentnm

122 3557 296 3629 statuentum
314 3557 349 3609 H
352 3558 379 3610 P
395 3558 587 3612 Beneuentum
607 3558 686 3613 Mod.
