2400 3944
140 187 183 250 74
217 247 220 252 ,
344 184 418 241 lULl
436 183 616 240 FRONTINI
635 181 961 240 STRATEGEMATON

138 351 268 417 fortiter
291 348 480 413 dimicantes
504 368 573 430 eos,
601 346 657 432 qui
679 347 795 412 inclusi
818 349 926 432 erant,
956 348 1150 415 animaduer-

139 441 249 521 tisset,
273 439 380 504 locum
403 436 468 501 illis
492 435 534 501 ad
556 436 669 522 fugam
692 435 790 502 dudit.

208 528 258 593 10.
294 527 385 591 Idem
416 526 502 590 inter
534 528 708 609 praerepta
739 525 952 608 imperatoria
982 528 1150 593 memoriae

138 615 282 701 tradidit,
296 637 362 680 non
376 636 447 680 esse
461 615 673 698 pertinaciter
691 613 880 679 instandum
898 613 989 680 hosti
1010 615 1151 701 fugienti,

102 721 119 771 u
138 728 179 771 ne
202 726 268 771 non
287 705 392 770 solum
407 704 491 788 <e>a
512 724 548 767 re
571 703 689 769 fortius
708 724 748 767 ex
765 703 962 769 necessitate
980 705 1151 789 resisteret,

139 794 196 859 sed
210 798 246 859 ut
259 798 375 879 postea
393 813 520 879 quoque
539 791 667 857 facilius
687 793 755 856 anie
769 791 906 876 eederet,
924 792 1027 876 <aum
1041 793 1151 877 unae>

138 905 205 950 non
218 905 320 969 usque
340 882 381 947 ad
400 881 574 967 perniciem
593 880 795 966 fugientibus
810 881 993 947 instaturos
1007 882 1151 949 uiatores.

322 1090 380 1146 Vll.
410 1088 458 1144 DE
476 1088 759 1145 DISSIMULANDIS
778 1088 966 1145 ADVERSIS.

207 1238 236 1302 1.
266 1236 380 1300 Tullus
399 1233 560 1300 Hostilius
584 1256 640 1300 rex
658 1234 880 1301 Romanorum
902 1238 1083 1304 commisso
1107 1237 1154 1304 sd·

87 1342 119 1392 10
139 1347 251 1392 uersus
275 1323 430 1389 Veientes
453 1325 591 1408 proelio,
619 1345 691 1389 enm
715 1325 838 1390 Albani
860 1323 989 1391 deserto
1015 1327 1154 1394 exercitu
1194 1356 1196 1367 ·

138 1415 359 1480 Romanorum
381 1414 548 1497 proximos
567 1416 716 1497 peterent
733 1415 877 1479 tumulos
895 1434 997 1498 eaque
1018 1437 1075 1481 res
1092 1420 1154 1482 tur·

139 1505 250 1568 basset
286 1506 472 1567 nostrorum
510 1502 653 1584 animos,
685 1503 771 1568 clare
801 1503 1031 1586 pronuntiauit
1070 1506 1155 1571 iussu

139 1613 198 1658 suo
219 1590 365 1657 Albanos
383 1590 417 1655 id
434 1590 563 1675 fecisse,
586 1594 623 1655 ut
640 1590 768 1656 hostem
788 1592 1053 1658 circumueniret:
1078 1614 1154 1679 quaa

139 1704 191 1746 res
214 1684 248 1745 et
270 1684 427 1746 terrorem
446 1678 637 1744 Veientibus
661 1683 695 1744 et
715 1679 871 1746 Romanis
894 1681 1049 1747 fidutiam
1072 1687 1154 1748 attu-

86 1784 119 1834 15
139 1772 180 1835 lit
202 1792 334 1854 remque
357 1769 547 1834 inclinatam
571 1769 707 1834 consilio
731 1769 884 1835 restituit.

206 1860 237 1924 2.
273 1859 309 1924 L.
333 1856 434 1939 Sulla,
463 1879 537 1922 uum
564 1857 747 1941 praefectus
775 1858 858 1943 eius,
888 1857 1068 1924 comitante
1091 1881 1155 1927 nun

140 1948 257 2033 exigua
275 1949 419 2031 equiturn
439 1968 546 2030 manu,
564 1947 737 2011 commisso
757 1947 824 2011 iam
844 1946 968 2030 proelio
988 1948 1032 2012 ad
1051 1948 1155 2015 hostie

139 2036 380 2123 transfugisset,
398 2035 626 2120 pronuntiauit
648 2036 739 2099 iussu
762 2056 822 2100 suo
840 2035 874 2099 id
891 2036 1033 2101 fautum:
1058 2058 1155 2124 eaque

139 2127 265 2193 ratione
293 2126 434 2190 militum
459 2124 585 2190 animos
608 2144 673 2189 non
695 2126 824 2189 tantum
847 2147 868 2190 a
890 2124 1087 2193 confusione
1111 2149 1156 2193 re·

86 2215 254 2298 adtraxit,
278 2214 334 2278 sed
357 2213 496 2298 quadam
520 2212 620 2277 etiam
644 2233 699 2297 spe
722 2213 890 2299 utilitatis,
918 2234 1001 2299 quae
1025 2215 1061 2280 id
1085 2239 1156 2284 eon·

139 2303 247 2367 silium
271 2305 421 2367 secutura
444 2304 544 2379 esset,
567 2301 780 2366 confirmauit.

205 2391 235 2457 3.
260 2389 365 2475 Idem,
387 2409 460 2454 uum
479 2389 650 2456 auxiliares
671 2391 848 2456 eiusmissi
868 2390 1000 2475 abipso
1021 2394 1154 2461 eiram-

137 2481 228 2546 uenti
248 2480 289 2545 ab
308 2478 457 2544 hostibus
481 2483 514 2544 et
536 2478 701 2546 interfecti
720 2484 829 2545 essent
851 2483 1100 2568 uereretnrque,
1117 2504 1155 2549 ne

137 2572 272 2653 propter
303 2568 365 2633 hoc
393 2568 547 2633 damnum
575 2570 747 2634 uniuersus
779 2567 959 2654 trepidaret
987 2573 1154 2651 exereitus,

84 2672 119 2722 25
137 2657 363 2743 pronuntiauit
398 2657 585 2741 auxiliares,
618 2657 673 2742 qui
708 2657 749 2722 ad
781 2657 995 2722 defectionem
1030 2660 1153 2746 conspi-

137 2753 277 2830 rassent,
310 2746 447 2812 consiliu
482 2769 501 2811 a
529 2767 563 2811 se
594 2747 629 2810 in
659 2746 731 2811 loca
762 2747 874 2831 iniqua
905 2745 1080 2815 deductos:
1110 2752 1153 2815 ita

210 2927 224 2975 1
243 2921 363 2977 inclausi
382 2919 425 2974 H¹
442 2923 447 2988 Ι
462 2918 731 2975 animaduertissent
748 2921 800 2989 ΗΙ
824 2927 840 2976 3
859 2921 934 2976 inter
951 2937 1002 2978 om.
1021 2923 1070 2977 Ηι
1090 2927 1095 2993 Ι
1114 2924 1151 2979 in·

136 2994 181 3047 ter
199 2996 292 3048 uetera
309 2994 462 3063 praecepta
479 2993 518 3060 dl
543 2989 774 3060 4pertinaaritar
792 2988 858 3060 H¹l
883 2997 954 3047 tue
972 3009 1024 3049 eru.
1044 2995 1081 3048 H
1092 2998 1098 3064 Ι
1121 3008 1153 3050 ea

136 3081 166 3118 ra
188 3063 270 3119 (foeta
288 3080 305 3119 a
324 3079 353 3118 ss
373 3063 407 3117 H
411 3063 439 3116 P
456 3063 516 3117 acie
537 3061 607 3118 Oud.
626 3078 676 3132 spe
694 3064 879 3132 mutuemus!
909 3080 942 3118 ex
960 3080 1011 3120 om.
1030 3065 1077 3120 H¹
1104 3067 1110 3149 Ι
1137 3069 1151 3118 t

136 3136 221 3191 uerba
243 3152 300 3189 nun
320 3164 352 3175 -
372 3135 495 3189 uiatores
513 3134 577 3189 eicit
596 3134 680 3188 Oua.-
703 3135 738 3201 es.
753 3136 844 3204 praef.
865 3135 886 3207 ἕ
905 3140 923 3191 9
952 3138 956 3201 l
986 3152 1051 3191 eum
1071 3138 1152 3193 surret

135 3206 200 3260 aad.
219 3207 237 3260 d
255 3207 334 3260 ratus
353 3207 417 3261 add.
436 3206 495 3261 edd.
513 3206 517 3274 Ι
541 3211 556 3260 ‘1
574 3203 761 3277 fugientibus]
780 3205 903 3274 fugienti
921 3205 975 3261 sibi
992 3204 1066 3264 Ded.

208 3277 354 3331 Stltulmn
373 3292 422 3332 om.
443 3276 492 3330 H¹
517 3279 521 3346 l
551 3275 696 3330 9Tullius
715 3277 744 3332 P
765 3280 771 3347 l
796 3283 830 3332 10
848 3278 995 3333 uehientes
1012 3278 1081 3333 HP
1121 3281 1151 3332 lt

135 3347 329 3416 prenuntiauit
347 3348 381 3400 H
401 3346 406 3419 Ι
433 3354 464 3401 13
485 3347 720 3403 circumuenirent
738 3350 757 3404 d
777 3352 781 3414 Ι
809 3354 842 3404 14
860 3348 1041 3404 uehiantibus
1101 3347 1148 3419 Pl

138 3422 170 3472 16
190 3416 263 3485 sylla
281 3418 316 3471 H
340 3418 405 3472 silla
423 3418 468 3487 ΡΙ
495 3424 527 3474 17
545 3418 671 3544 110611οέ
687 3419 743 3474 alio
762 3421 797 3475 H
810 3423 814 3490 Ι
840 3422 935 3476 hostes
953 3422 991 3488 bl
1013 3427 1049 3476 20
1067 3436 1151 3490 quan·

135 3487 267 3613 draPPH'
284 3494 333 3559 spe
347 3489 365 3543 lu
381 3492 386 3558 Ι
402 3495 434 3544 21
450 3489 628 3545 eonsumauit
690 3495 694 3559 Ι
714 3496 747 3546 15
767 3492 916 3547 auxiliares
934 3493 952 3546 b
970 3490 1151 3548 auxiliaribus
