2400 3944
414 175 525 232 LIBER
543 176 577 232 Il.
606 175 683 230 CAP.
703 180 728 231 ὅ.
1034 178 1076 242 69

58 341 133 425 ipse
165 339 268 405 aciem
304 340 520 405 instruxerat:
557 361 638 423 quos
670 361 742 404 eum
776 339 909 405 barbari
940 341 1077 405 insecuti

60 433 185 512 essent,
213 428 320 513 equite
348 430 515 494 recedente
543 429 577 492 in
604 451 739 513 cornua,
768 430 876 493 subito
905 429 990 494 acies
1014 428 1076 494 Ro·

59 540 159 585 mana
190 517 345 602 adaperta
368 540 440 583 eum
465 518 605 583 clamore
627 518 797 602 procurrit.
837 516 959 583 XXXV
987 518 1078 583 milia

60 610 262 672 armatorum
295 628 333 671 eo
365 607 489 690 proelio
522 607 692 672 interfecta
726 628 798 671 oum
831 607 911 689 ipsis
941 607 1077 672 ducibus

60 695 174 762 Liuius
193 695 302 778 tradit,
319 699 466 780 receptas
486 696 626 780 quinque
644 694 809 761 Romanas
829 696 964 781 aquilas,
984 696 1078 781 signa
1097 709 1113 759 s

61 807 119 850 sex
142 788 175 850 et
197 783 272 867 XX,
300 786 403 849 multa
431 784 550 868 spolia,
579 784 666 848 inter
693 806 776 867 quae
805 785 945 869 quinque
973 785 1077 850 fasces

61 896 134 941 cum
158 873 334 938 securibus.

129 962 181 1028 35.
206 960 240 1028 O.
255 959 387 1028 Cassius
406 961 441 1026 in
455 959 551 1045 Syria
571 961 725 1026 aduersus
743 960 883 1025 Parthos
903 961 1077 1046 ducemque

20 1106 25 1114 .
61 1050 233 1135 <0>sacen
256 1050 398 1134 equitem
423 1050 565 1115 ostendit
588 1072 607 1115 a
629 1050 750 1134 fronte,
774 1071 846 1115 cum
871 1054 999 1135 atergo
1023 1072 1076 1135 pe·

60 1141 163 1205 ditem
196 1139 230 1203 in
263 1139 457 1225 confragoso
490 1140 561 1203 loco
595 1139 804 1204 occultasset:
837 1139 911 1203 dein
944 1140 1077 1205 cedente
1098 1156 1130 1207 10

61 1229 210 1313 equitatu
234 1231 266 1291 et
288 1249 347 1312 per
370 1231 449 1292 nota
473 1249 507 1292 se
530 1228 719 1310 recipiente,
742 1228 776 1292 in
796 1232 1007 1312 praeparatas
1030 1229 1077 1292 in·

62 1316 163 1383 sidias
186 1316 337 1400 perduxit
359 1317 536 1382 exercitum
558 1315 754 1382 Parthorum
778 1320 810 1381 et
833 1317 957 1383 cecidit.

128 1405 180 1470 36.
204 1404 376 1470 Ventidius
391 1404 531 1471 Parthos
551 1410 584 1470 et
597 1405 789 1491 Labienum,
813 1407 936 1472 alacres
956 1429 1077 1472 succes·

60 1495 152 1560 sibus
185 1493 411 1578 uictoriarum,
443 1494 518 1559 dum
549 1516 624 1560 suos
655 1497 725 1580 ipse
752 1517 809 1579 per
837 1496 1077 1561 simulationem

60 1587 168 1649 metus
197 1583 353 1666 continet,
384 1585 534 1648 euocauit
562 1587 595 1648 et
621 1583 655 1648 in
684 1585 756 1648 loca
782 1584 895 1669 iniqua
924 1585 1076 1649 deductos
1097 1598 1130 1647 15

60 1673 235 1759 adgressus
249 1693 308 1756 per
323 1673 547 1756 obreptionem
567 1672 647 1738 adeo
666 1673 850 1752 debellauit,
868 1678 905 1738 ut
921 1674 1076 1738 destituto

59 1762 206 1827 Labieno
229 1761 400 1846 prouincia
423 1761 614 1826 excederent
636 1760 759 1826 Parthi.

126 1850 179 1915 37.
219 1848 312 1915 Idem
354 1850 507 1914 aduersus
544 1849 779 1914 Pharnastanis
816 1847 971 1934 Parthos,
1005 1871 1077 1914 curn

60 1940 130 2024 ipse
155 1938 306 2024 exiguum
329 1960 500 2003 numerum
527 1939 668 2003 militurn
696 1938 846 2021 haberet,
874 1938 940 2003 illis
969 1941 1077 2002 autem

58 2028 210 2093 fiduciam
239 2049 278 2092 ex
306 2026 513 2092 multitudine
542 2028 667 2092 uideret
696 2028 888 2111 inerescere,
923 2027 963 2091 ad
990 2028 1076 2091 latus
1096 2042 1131 2092 20

58 2122 242 2183 castrorum
273 2115 387 2182 XVIII
420 2116 570 2181 cohortes
602 2115 637 2179 in
670 2117 807 2181 obscura
838 2116 924 2181 ualle
957 2115 1077 2200 posuit,

58 2207 207 2290 equitatu
234 2208 310 2289 post
337 2208 430 2290 terga
457 2204 604 2288 peditum
633 2205 812 2270 conlocato.
856 2209 927 2270 tum
955 2226 1076 2288 paucos

58 2294 234 2360 admodum
263 2293 382 2358 milites
410 2294 445 2358 in
468 2294 596 2358 hostem
620 2295 724 2358 misit:
754 2294 809 2378 qui
836 2295 894 2359 ubi
922 2295 1077 2360 simulata

56 2383 138 2469 fuga
160 2383 290 2448 hostem
312 2382 412 2448 effuse
432 2385 620 2466 sequentem
643 2383 731 2448 ultra
754 2383 861 2449 locum
885 2385 1076 2448 insidiarum

56 2473 251 2557 perduxere,
271 2475 382 2538 coorta
401 2494 420 2536 a
439 2472 541 2536 latere
562 2473 630 2536 acie
649 2473 880 2556 praecipitatos
899 2474 934 2537 in
953 2473 1074 2558 fugam,
1096 2485 1131 2534 aa

56 2562 90 2626 in
115 2561 168 2625 his
190 2559 463 2642 Pharnastanem,
486 2560 659 2626 interiecit.

127 2650 179 2714 38.
217 2646 251 2714 G.
276 2646 411 2735 Caesar,
441 2648 507 2713 suis
538 2652 571 2713 et
597 2648 726 2713 Afranii
754 2650 870 2713 castris
898 2650 1078 2716 contrarias

133 2794 148 2842 a
168 2786 273 2842 xxxv
286 2785 513 2912 marquart.
524 2773 780 2855 azimam
797 2794 813 2842 e
832 2776 900 2842 ‚rr-rr.
915 2790 993 2843 11112
1009 2787 1075 2843 nx.

56 2862 75 2916 b
103 2863 108 2928 1
142 2860 262 2914 ἵεεετῠα
280 2857 358 2911 XXX
408 2857 540 2913 milia-
560 2860 701 2914 securibus
728 2864 852 2929 suspecta
874 2860 1018 2914 uideatur:
1041 2861 1077 2926 cs.

53 2931 150 3002 praef.
170 2929 190 3000 §
209 2933 247 2998 91
268 2935 284 2984 8
304 2929 332 2984 C.
352 2946 402 2985 om.
417 2928 469 3001 ΗΙ
494 2928 649 2999 ducemque
669 2928 776 2984 Osacen
794 2931 895 2985 Hartel
913 2931 972 2986 coll.
990 2930 1076 2984 Dion.

57 3007 104 3069 40,
115 3005 153 3058 29
173 3001 300 3069 ducemq:
320 3017 403 3055 sacen
422 2999 457 3054 H
471 3000 625 3056 ducesacen
645 3001 673 3054 P
698 3001 802 3055 ducens
825 3003 914 3055 aciem
932 3001 971 3065 dl
996 3005 1029 3052 13
1049 3003 1077 3055 et

58 3090 110 3130 om
134 3072 169 3127 H
186 3072 189 3144 l
212 3077 245 3126 15
265 3071 397 3126 euocauit
414 3087 465 3126 om.
480 3072 532 3141 ΗΙ
558 3078 591 3126 16
610 3073 747 3126 destituto
765 3073 783 3126 h
802 3072 906 3126 destitu
922 3073 956 3125 H
962 3071 970 3101 ¹
989 3071 1077 3125 desti-

59 3144 119 3199 tuti
139 3144 178 3196 P:
197 3144 232 3210 cf.
251 3142 337 3197 Dion.
355 3147 402 3208 48,
420 3147 465 3209 40,
484 3145 522 3212 31
540 3149 573 3198 18
587 3143 790 3212 pharnastanes
804 3142 839 3196 Η
854 3141 1076 3197 Pharnastanem

55 3221 86 3271 et
104 3216 124 3271 d
141 3213 328 3281 Pharnapatis
353 3214 423 3267 0αά.
446 3215 505 3268 coll.
527 3215 613 3269 Dion.
632 3219 684 3280 48,
698 3217 741 3268 41.
761 3213 839 3269 Plut.
854 3214 920 3269 Act.
941 3218 976 3268 33
1006 3218 1010 3281 1
1040 3219 1073 3267 21

55 3286 140 3341 ualde
161 3286 194 3339 H
209 3291 273 3340 cnm
290 3285 366 3357 rael
388 3291 422 3339 22
437 3283 597 3353 equitabit
620 3287 624 3354 1
650 3283 826 3339 conlocatum
844 3302 949 3355 paucos
968 3286 1017 3350 ΗΙ
1041 3289 1075 3339 25

56 3357 132 3413 acies
157 3359 189 3412 d.-
212 3358 259 3412 sed
276 3358 311 3423 cs.
327 3374 357 3425 p.
377 3359 440 3423 103,
459 3362 478 3411 8
499 3357 503 3428 Ι
524 3357 723 3438 praecipitatos
743 3357 761 3410 ct
779 3356 973 3426 praecipitatis
987 3357 1022 3412 H
1027 3357 1055 3409 P

56 3427 251 3499 praecipitatis
270 3425 300 3480 in
318 3428 415 3498 fugam
434 3427 546 3482 Parthis
569 3428 599 3481 in
622 3427 665 3482 his
685 3427 758 3482 cdd:
776 3429 823 3483 sed
841 3430 875 3496 cf.
893 3446 922 3498 p.
943 3433 989 3497 72,
1010 3432 1046 3483 12

56 3508 90 3582 ²P
119 3499 332 3583 phamastatem
360 3499 395 3552 H
417 3498 626 3568 pharnastanen
653 3500 681 3554 P
708 3502 712 3568 Ι
743 3504 776 3552 27
801 3501 923 3555 afranius
946 3499 981 3554 H
995 3498 1075 3553 Afra-

55 3589 149 3628 mams
167 3571 227 3628 edd.
