2400 3944
392 194 503 249 LIBER
520 194 567 250 111.
596 193 674 253 cAP.
695 202 736 252 rr.
1009 196 1074 261 113

127 358 157 423 3.
174 356 301 422 ‘Liuius
329 357 512 441 praefectus
540 358 762 425 Romanorum
792 381 898 424 arcem
927 359 1073 425 Tarenti·

57 469 176 512 norum
208 450 321 510 tenens
355 447 446 510 misit
479 446 521 512 ad
549 445 787 512 Hasdrubalem
814 449 954 534 legatos,
983 449 1074 514 abire

58 537 109 601 uti
124 536 187 600 sibi
201 535 356 600 incolumi
370 536 496 600 liceret:
520 557 558 600 ea
573 536 778 601 simulatione
802 537 842 601 ad
867 539 1073 603 securitatem

59 624 252 709 perductum
275 624 403 688 hostem
426 625 597 708 eruptione
619 624 707 689 facta
731 625 854 689 cecidit.

125 714 158 779 4.
190 711 247 778 On.
262 712 435 796 Pompeius
460 714 689 778 circumsessus
714 714 755 778 ad
769 713 982 798 Dyrrachium
1005 729 1107 781 nous

56 806 188 866 tantum
221 801 390 866 obsidione
422 802 576 866 liberauit
604 823 694 880 suos,
726 824 839 867 uerum
869 803 967 867 etiam
995 808 1073 887 post

60 892 274 975 eruptionem,
298 911 395 974 quam
419 895 602 975 opportuno
626 895 659 955 et
677 892 748 956 loco
769 895 801 955 et
818 896 965 975 ternpore
988 891 1073 956 feee-

57 984 124 1063 rat‚
149 977 320 1044 Caesarem
353 979 394 1043 ad
422 980 606 1063 castellum,
634 979 720 1063 quod
744 980 863 1063 duplici
892 980 1072 1045 munitione

58 1069 255 1133 instructum
278 1071 358 1151 erat,
380 1066 476 1132 auide
495 1068 734 1152 inrumpentem
757 1069 898 1133 exterior
920 1070 990 1152 ipse
1014 1068 1072 1134 cir·

60 1156 225 1222 cumfusus
249 1178 370 1221 corona
393 1157 561 1242 obligauit,
583 1162 621 1222 ut
643 1156 699 1221 ille
723 1157 809 1221 inter
833 1180 888 1223 eos
913 1179 992 1242 quos
1017 1157 1072 1222 ob·
1093 1174 1126 1222 10

60 1245 186 1310 sidebut
217 1247 250 1309 et
278 1267 331 1310 eos
361 1246 415 1329 qui
444 1251 535 1309 extra
558 1245 835 1310 circumuenerant
857 1247 982 1313 medius
1007 1268 1073 1311 non

60 1335 131 1400 leue
154 1333 333 1418 periculum
358 1340 391 1398 et
414 1333 643 1398 detrimentum
668 1335 813 1399 senserit.

125 1422 156 1488 5.
189 1422 321 1488 Flauius
345 1422 491 1487 Fimbria
513 1423 548 1486 in
567 1423 648 1487 Asia
672 1424 757 1508 apud
781 1423 994 1508 Rhyndacum
1018 1424 1071 1488 ad·

57 1533 189 1576 uersum
217 1511 322 1576 filium
344 1509 558 1595 Mithridatis,
589 1512 732 1577 brachiis
761 1513 801 1576 ab
832 1514 933 1578 latere
958 1512 1072 1596 ductis,

58 1599 172 1664 deinde
209 1600 298 1664 fossa
329 1599 375 1663 inv
396 1598 505 1665 fronte
536 1621 708 1685 pereussa,
738 1602 883 1684 quietum
916 1601 951 1664 in
983 1600 1070 1666 uallo
1093 1616 1125 1666 15

57 1688 199 1753 militem
230 1688 352 1772 tenuit,
384 1688 485 1754 donee
515 1688 645 1754 hostilis
670 1689 831 1773 equitatus
856 1689 994 1753 intraret
1017 1712 1071 1753 an·

57 1777 184 1862 gustias
204 1777 492 1842 munimentorum:
516 1783 593 1842 tune
613 1778 781 1861 eruptione
801 1778 888 1842 faeta
907 1799 962 1841 sex
981 1777 1073 1842 milia

58 1887 172 1931 eorum
197 1866 321 1931 cecidit.

127 1955 157 2020 6.
185 1952 219 2020 (l.
244 1951 364 2020 Caesar
386 1954 421 2018 in
444 1953 565 2038 Gallia,
593 1953 708 2018 deletis
739 1955 780 2018 ab
805 1952 994 2039 Ambiorige
1019 1954 1074 2019 Ti-

56 2043 138 2109 turii
152 2040 267 2108 Sabini
281 2047 313 2108 et
327 2041 453 2124 Oottae‘
466 2043 651 2129 legatorum
666 2043 777 2127 copiis,
799 2065 873 2107 cum
896 2042 966 2119 ad.
986 2040 1072 2108 Cice·
1092 2061 1126 2110 20

56 2154 153 2216 rone,
186 2133 241 2218 qui
272 2136 305 2197 et
334 2133 403 2216 ipse
432 2131 698 2217 oppugnabatur,
729 2131 848 2197 certior
871 2131 975 2196 factus
1000 2154 1073 2196 cum

57 2221 185 2286 duabus
208 2220 393 2306 legionibus
418 2222 623 2305 aduentnmt,
647 2221 810 2286 conuersis
832 2220 983 2285 hostibus
1007 2242 1072 2285 me·

56 2319 128 2374 tum
148 2310 314 2374 simulauit
331 2310 516 2395 militesque
535 2310 567 2373 in
588 2310 712 2392 eastris,
736 2331 816 2394 quae
836 2310 957 2374 artiora
976 2310 1072 2374 solito

56 2398 220 2463 industria
246 2398 381 2483 fecerat,
410 2399 524 2464 tenuit.
570 2397 657 2463 Galli
683 2403 893 2484 praesumpta
919 2398 985 2462 iam
1008 2399 1072 2463 uic-

56 2487 146 2552 toria
176 2488 265 2551 uelut
295 2487 336 2551 ad
363 2487 519 2571 praedam
550 2492 731 2552 castrorum
762 2489 933 2552 tendentes
965 2487 1072 2552 fossas
1092 2504 1126 2552 25

56 2575 183 2660 inplere
208 2579 244 2644 et
262 2576 384 2641 uallum
408 2576 577 2640 detrahere
596 2580 784 2660 coeperunt:
808 2599 871 2660 qua
893 2599 928 2640 re
951 2575 1073 2660 proelio

58 2664 168 2749 <non>
198 2668 326 2748 aptatos
351 2662 472 2729 Caesar
499 2665 616 2729 emisso
644 2668 775 2748 repente
803 2665 943 2748 undique
971 2664 1075 2729 milite

55 2752 243 2818 trucidauit.

128 2842 156 2905 7.
197 2841 340 2907 Titurius
370 2840 510 2907 Sabinus
543 2840 697 2906 aduersus
730 2838 898 2905 Gallorum
929 2842 1074 2925 amplum

58 2931 236 2995 exercitum
260 2931 454 3002 continendo
479 2930 616 2994 militem
639 2930 727 2994 intra
754 2930 956 2994 munimenta
982 2950 1073 3013 prae·
1093 2946 1128 2995 30

133 3075 146 3123 1
170 3068 267 3124 Liuius
286 3070 346 3125 edd.
371 3067 456 3124 Velus
475 3069 510 3124 H
514 3070 553 3130 P:
576 3070 611 3136 cf.
626 3085 657 3138 p.
672 3073 719 3136 93,
734 3068 796 3138 241
822 3068 899 3122 tuti
925 3066 1002 3123 abire
1022 3067 1050 3120 P
1069 3067 1072 3139 l

57 3147 73 3196 3
93 3139 123 3194 in
141 3139 277 3196 incolumi
291 3141 341 3209 ΗΙ
365 3144 381 3193 a
400 3138 631 3195 circumsessusd
650 3140 843 3194 circumsessos
857 3139 892 3191 H
896 3139 922 3192 P
937 3141 941 3206 Ι
958 3145 973 3192 7
993 3153 1074 3206 erup-

56 3211 135 3268 tione
150 3211 266 3282 Lipaiua
286 3216 290 3281 l
315 3218 347 3266 18
366 3210 550 3281 Rhyndacum
565 3213 585 3267 d
606 3212 765 3266 riuthacum
779 3210 814 3262 H
827 3209 1004 3264 rhidinaoum
1021 3209 1050 3261 P
1066 3208 1073 3290 l

58 3283 194 3338 aduersus
209 3285 228 3339 d
250 3285 255 3354 Ι
280 3289 315 3338 14
333 3283 415 3353 aPl
442 3289 474 3339 17
493 3285 555 3336 tum
573 3283 643 3338 Ded.
665 3285 668 3350 Ι
696 3288 729 3337 19
748 3280 911 3336 abambiore
928 3279 989 3351 geti
1007 3280 1075 3334 ituri

56 3354 180 3409 insubini
190 3355 224 3408 H
239 3356 323 3410 abam
337 3355 460 3424 buorege
474 3353 565 3409 titurii
581 3352 714 3420 sabiniP,
731 3369 800 3408 corr.
815 3353 875 3408 edd.
891 3354 896 3421 1
913 3349 1074 3421 Ambiorige

57 3441 124 3495 rege
143 3427 182 3495 dl
203 3431 238 3481 20
257 3424 357 3495 quinto
376 3426 441 3479 ΗΡ
464 3430 468 3494 Ι
498 3431 532 3480 23
552 3426 658 3480 artiora
677 3425 755 3480 Stew.
775 3424 834 3479 coll.
855 3422 930 3479 Caes.
950 3425 973 3478 b.
996 3423 1029 3480 G.
1049 3425 1076 3488 5,

57 3500 142 3564 49,7
168 3496 308 3566 ampliora
326 3497 361 3551 H
365 3499 392 3551 P
418 3495 583 3566 angustiora
603 3496 673 3551 Oud.
699 3499 702 3565 Ι
729 3501 762 3550 at
788 3512 845 3550 non
867 3496 980 3564 aptatos
1003 3494 1074 3549 Ded.

57 3568 117 3623 coll.
130 3571 269 3635 p.26,13
289 3570 400 3637 aptatos
414 3568 480 3623 ΗΡ
496 3570 648 3638 occupatos
664 3567 733 3622 Oud.
753 3566 898 3636 inparatos
918 3567 1013 3622 Wusse

111 3666 254 3708 Faorrrrus
269 3667 303 3706 ed.
318 3666 487 3741 Gundermenn.
845 3660 862 3710 8
