2400 3944
134 192 200 260 104
338 192 413 249 IULI
431 192 611 248 FRONTINI
630 191 952 249 STRATEGEMATON

134 378 196 441 que
219 356 284 440 his,
307 360 356 441 ut,
380 377 453 422 cum
476 355 711 440 processissent
734 355 903 439 oppidani,
925 355 1018 440 ligna
1039 357 1144 422 umida

134 445 354 512 incenderent.
382 444 495 509 deinde
524 466 597 509 cum
624 444 748 528 reliqua
775 447 868 527 parte
896 445 1056 510 exercitus
1079 447 1145 512 luce

135 533 175 598 ad
208 533 382 599 eliciendos
414 533 525 598 hostes
553 553 744 618 progressus
777 532 934 597 simulata
964 532 1045 618 fuga
1078 557 1143 619 per·

136 623 299 706 sequentis
328 622 507 707 oppidanos
540 622 670 706 longius
710 620 850 686 cedendo
883 622 1056 705 protraxit.
1103 625 1146 689 in-

99 711 307 776 ssidiatores
341 733 443 795 prope
480 711 610 776 moenia
648 711 844 794 imperatum
878 711 987 794 ignem
1026 713 1147 778 aceruis

136 800 353 865 subiecerunt:
385 800 470 865 unde
494 800 643 864 obortum
669 798 883 882 contemplati
904 798 1031 864 fumum
1056 800 1149 887 Agri·

136 888 262 973 gentini
288 890 451 954 incensam
479 888 647 953 ciuitatem
677 909 770 952 suam
793 888 1080 974 existimauerunt,
1103 891 1149 956 de

134 977 376 1061 fendendaeque
399 978 468 1042 eius
496 978 604 1062 gratia
634 977 711 1041 dum
733 975 859 1060 trepide
882 981 1070 1063 recurrunt,
1099 981 1149 1045 ob·

135 1066 196 1130 uiis
228 1066 274 1130 eis
305 1067 361 1150 qui
387 1065 535 1130 insidiati
562 1066 654 1130 iuxta
681 1086 792 1154 muros
827 1068 919 1130 erant
957 1070 991 1130 et
1015 1089 1034 1130 a
1059 1072 1150 1154 tergo

84 1171 117 1220 ιο
136 1156 336 1220 instantibus
371 1176 451 1238 quos
484 1155 646 1238 persecuti
677 1153 819 1237 fuerant,
851 1154 885 1218 in
914 1154 1022 1219 medio
1055 1158 1150 1222 truci·

136 1243 204 1308 dati
228 1248 314 1308 sunt.

203 1332 232 1395 6.
265 1330 434 1396 Viriathus
464 1330 622 1415 disposito
650 1352 708 1415 per
736 1331 864 1396 occulta
894 1331 999 1397 milite
1028 1355 1151 1418 paucos

136 1419 241 1502 misit,
265 1420 321 1504 qui
344 1419 515 1505 abigerent
536 1441 655 1504 pecora
678 1417 978 1505 Segobrigensium:
1003 1422 1046 1486 ad
1071 1444 1151 1508 quae

135 1508 184 1573 illi
207 1507 400 1573 uindicanda
423 1530 497 1573 cum
519 1508 704 1592 frequentes
735 1509 974 1592 procurrissent
998 1511 1150 1578 simulan-

85 1601 251 1681 ratesque
278 1597 391 1683 fugam
418 1597 626 1680 praedatores
649 1603 935 1681 persequerentur,
964 1597 1099 1666 deducti
1119 1600 1149 1664 in

137 1686 272 1751 insidias
297 1687 443 1769 caesique
468 1690 552 1750 sunt.

205 1776 234 1840 7.
266 1773 426 1840 Scordisci
449 1775 588 1857 equites,
616 1795 689 1840 cum
712 1773 889 1839 Heracleae
918 1774 1061 1841 duarum
1083 1800 1150 1863 par·

135 1864 218 1928 tium
240 1863 402 1947 praesidio
426 1863 630 1947 praepositus
655 1867 741 1928 esset
764 1861 934 1946 Lucullus,
956 1885 1079 1947 pecora
1101 1867 1150 1932 ab·

136 1952 224 2037 igere
257 1952 449 2017 simulantes
490 1956 751 2035 prouocauarunt
783 1952 1000 2035 eruptionem:
1040 1954 1150 2042 fugam

83 2057 118 2106 20
138 2041 252 2106 deinde
279 2041 409 2106 mentiti
446 2044 633 2125 sequentem
661 2039 832 2106 Lucullum
862 2041 896 2104 in
930 2040 1071 2108 insidias
1106 2043 1151 2108 de·

137 2129 298 2195 duxerunt
321 2132 353 2194 et
377 2130 582 2215 octingentos
607 2151 678 2194 cum
702 2151 740 2194 eo
764 2129 884 2193 milites
908 2129 1106 2197 occiderunt.

205 2219 235 2284 8.
262 2215 384 2283 Chares
403 2219 468 2283 dux
482 2219 731 2282 Atheniensium
750 2218 918 2283 ciuitatem
938 2219 1149 2304 adgressurus

136 2306 224 2371 litori
254 2307 451 2390 appositam,
478 2311 554 2390 post
582 2307 740 2391 quaedam
767 2307 996 2391 promunturia
1026 2310 1150 2376 occulte

136 2395 252 2459 habita
271 2396 383 2478 classe,
407 2417 423 2458 e
446 2395 584 2460 nauibus
603 2395 844 2460 uelocissimam
867 2400 996 2480 praeter
1018 2397 1150 2464 hostilia

84 2500 119 2548 25
137 2483 299 2568 praesidia
318 2483 365 2547 ire
384 2483 493 2548 iussit:
518 2505 581 2567 qua
596 2485 667 2548 uisa
686 2507 758 2549 curn
777 2485 886 2550 omnia
904 2485 1049 2572 nauigia,
1073 2507 1150 2571 quae

138 2593 196 2655 pro
216 2571 364 2636 custodia
381 2575 496 2656 portus
516 2573 667 2657 agebant,
690 2573 730 2638 ad
748 2573 1004 2658 persequendam
1030 2576 1150 2640 euolas·

139 2663 224 2744 sent,
252 2656 374 2725 Chares
403 2661 605 2726 indefensum
633 2666 767 2745 portum
796 2684 868 2727 cum
899 2662 1028 2746 reliqua
1052 2664 1151 2731 classe

137 2749 285 2814 inuectus
309 2750 407 2813 etiam
431 2749 597 2814 ciuitatem
622 2751 802 2835 occupauit.

210 2994 288 3050 lhis
304 2996 339 3050 H
354 2994 394 3050 eis
413 2995 461 3065 Pl
487 2995 614 3065 aprima
631 2994 694 3050 luce
712 2996 756 3064 dl
781 2994 875 3050 luceat
898 2995 1045 3065 eligendos
1064 2999 1100 3054 H
1112 3001 1153 3052 14

138 3067 278 3122 cedendos
296 3067 331 3121 Η
344 3067 349 3136 Ι
366 3073 382 3121 5
401 3067 510 3121 acerbis
529 3067 627 3135 H¹Pl
644 3071 677 3120 12
696 3065 822 3121 Viriatus
836 3067 881 3135 Pl
899 3072 931 3121 13
952 3067 1082 3124 abierant
1099 3069 1132 3125 H
1136 3069 1153 3196 q

139 3137 378 3206 secobrigentium
405 3137 488 3192 H¹P
511 3135 742 3206 setobrigentium
761 3139 791 3204 b,
815 3154 884 3192 corr.
909 3139 928 3192 d
956 3140 961 3207 1
991 3139 1120 3208 adquae

139 3211 225 3278 atque
242 3209 277 3263 H
281 3211 308 3262 P
323 3211 327 3277 Ι
344 3215 379 3262 14
396 3208 635 3278 procucurrissent
651 3208 691 3264 P:
709 3210 744 3276 cf.
761 3226 790 3278 p.
810 3213 855 3274 69,
873 3212 898 3265 3.
918 3213 964 3276 79,
982 3214 1002 3266 2
1020 3213 1024 3281 Ι
1043 3217 1076 3266 1⁶
1095 3227 1153 3282 per·

140 3284 292 3349 sequentur
313 3279 358 3334 H*
388 3281 628 3349 persequunturb
657 3281 661 3346 l
692 3285 724 3334 17
744 3280 881 3334 haeradee
900 3280 944 3334 Η1
971 3279 1154 3356 haeracleqlr

138 3351 283 3407 aeracleaa
293 3352 339 3420 ΡΙ
355 3351 478 3419 partium
488 3351 523 3405 H
525 3352 553 3406 P
568 3349 726 3406 cohortium
736 3350 908 3406 Freinsbeim
924 3354 929 3421 1
946 3357 979 3407 19
996 3351 1154 3408 simulantis

137 3422 182 3476 H¹
199 3426 202 3487 l
219 3428 253 3476 20
272 3422 302 3476 in
319 3422 455 3476 lucullum
474 3421 582 3493 inH¹l
607 3427 642 3476 23
662 3422 855 3491 promontoria
870 3424 908 3493 la}
933 3429 968 3478 26
986 3439 1153 3493 persequan-

140 3492 206 3547 dam
217 3493 259 3619 ἕ
262 3495 290 3547 Ρ
307 3493 532 3563 persequendum
552 3495 590 3562 dl
616 3497 650 3547 27
670 3509 749 3548 cares
768 3494 886 3548 Polam
905 3494 957 3563 Hl
981 3496 1011 3549 in
1029 3495 1154 3552 indefen-

138 3580 199 3618 sum
