2400 3944
131 116 195 181 100
334 115 409 171 IULI
426 114 603 172 FRONTINI
622 113 943 173 STRATEGEMATON

131 279 249 364 quibus
268 278 443 349 simulacra
466 278 634 343 hominum
654 281 780 344 armata
798 277 918 344 Persici
941 279 1078 347 habitus
1099 282 1144 347 in-

131 373 303 452 posuerat,
335 370 497 451 noctuque
530 389 585 433 eos
613 368 719 432 monti
748 367 901 433 admouit.
946 372 1020 434 tum
1043 373 1145 456 prima

131 457 204 521 luce
227 477 265 519 ex
289 456 393 520 altera
415 459 508 540 parte
532 479 641 521 muros
664 455 837 541 adgressus
861 456 971 541 <est>:
993 458 1054 523 ubi
1079 463 1145 526 orto

132 546 201 610 sole
225 545 398 610 simulacra
420 544 478 609 illa
502 548 702 610 armatorum
731 544 903 611 referentia
926 545 1081 613 habitum
1103 571 1146 614 re·

95 633 304 717 efulserunt,
336 633 491 717 oppidani
520 637 649 717 captam
677 634 791 699 urbem
815 656 835 699 a
856 638 950 720 tergo
979 637 1145 703 credentes

131 726 164 787 et
192 722 234 787 ob
256 722 320 788 hoc
347 722 383 788 in
409 722 522 806 fugam
550 722 666 805 dilapsi
693 723 865 788 uictoriam
893 723 1048 790 hostibus
1078 747 1146 793 con·

130 816 303 878 cesserunt.

174 984 263 1041 VIIII.
292 983 340 1039 DE
360 983 586 1041 INRUPTIONE
605 982 655 1038 EX
672 983 832 1041 DIVERSA
850 984 972 1040 PARTE
993 987 1103 1054 QUAM

474 1071 791 1131 EXSPEOTABIMUR.

80 1200 113 1251 ιο
202 1186 228 1246 1.
258 1180 367 1266 Scipio
391 1181 477 1266 apud
496 1180 730 1268 Carthaginem
754 1183 814 1248 sub
839 1183 1018 1249 discessum
1041 1190 1147 1251 aestus

132 1271 305 1353 maritimi,
332 1275 458 1336 secutus
487 1271 582 1335 deum
610 1276 648 1335 ut
671 1271 801 1336 dicebat
822 1270 948 1356 ducem,
972 1271 1015 1336 ad
1039 1296 1147 1341 muros

131 1360 222 1425 urbis
246 1360 382 1425 accessit
405 1364 438 1424 ct
461 1359 645 1425 cedentet
614 1382 629 1425 s
631 1364 741 1446 tegno,
765 1381 829 1445 qua
850 1383 917 1426 non
940 1364 1147 1446 exspectaba-

132 1449 225 1532 tur,
216 1471 289 1514 mru
313 1449 348 1513 i.t

199 1538 229 1602 2
262 1471 383 1602 Fibius
406 1536 567 1602 Maximus
591 1535 798 1603 Cunctatoris
821 1538 907 1602 filius
931 1538 1016 1622 apud
1042 1539 1147 1625 Arpos

81 1643 114 1692 1⁶
133 1626 293 1710 praesidio
313 1626 507 1691 Hannibalis
527 1630 711 1710 occupatos,
734 1625 938 1692 considerato
962 1627 1028 1692 situ
1053 1630 1148 1708 urbis,

133 1720 297 1781 sescentos
327 1715 414 1780 milit
399 1719 449 1780 tes
473 1716 611 1780 obscure
634 1719 729 1780 nocte
752 1716 855 1798 misit,
886 1715 941 1800 qui
963 1737 1022 1799 per
1047 1718 1147 1782 muni-

132 1807 201 1869 tam
234 1826 336 1888 eoque
368 1805 474 1868 minus
507 1805 709 1888 frequentem
743 1803 855 1887 oppidi
892 1807 1019 1887 partem
1055 1806 1147 1872 scalis

133 1894 237 1957 euecti
264 1895 300 1957 in
328 1915 455 1958 murum
483 1897 595 1976 portas
623 1892 826 1958 reuellerent.
871 1892 907 1956 hi
934 1893 1039 1958 adiuti
1068 1895 1146 1960 deci·

133 1983 278 2047 dentium
302 2003 460 2066 aquarum
480 2003 570 2065 sono,
594 1982 649 2066 qui
672 1982 780 2064 operis
803 1982 975 2066 strepitum
999 1982 1148 2049 obscura·

80 2086 114 2136 2ο
133 2071 208 2154 bat,
240 2072 329 2136 iussa
359 2074 533 2156 peragunt:
564 2070 634 2156 ipse
662 2070 740 2135 dato
768 2070 863 2155 signo
891 2072 933 2135 ab
962 2069 1028 2135 alia
1057 2075 1147 2156 parte

135 2159 307 2243 adgressus
332 2159 418 2242 cepit
440 2159 557 2242 Arpos,

201 2248 231 2312 3.
265 2246 299 2313 Ο.
323 2246 445 2311 Marius
468 2247 555 2311 bello
575 2246 769 2331 Iugurthino
793 2247 878 2330 apud
901 2245 1023 2312 flumen
1046 2247 1148 2314 Mulu·

134 2335 238 2418 cham,
253 2357 324 2400 cum
340 2339 544 2420 oppugnaret
563 2335 733 2400 castellum
746 2336 781 2400 iu
799 2340 908 2401 monte
923 2356 1021 2401 saxeo
1043 2339 1148 2418 situm,

135 2425 222 2509 quod
254 2446 320 2488 una
347 2430 381 2488 et
412 2428 551 2508 angusta
578 2424 695 2489 semite
725 2424 891 2507 adibatur,
923 2427 1032 2489 cetera
1060 2431 1149 2512 parte

80 2528 115 2579 26
133 2512 226 2580 uelut
249 2513 397 2578 consulto
424 2513 612 2597 praecipiti,
641 2513 794 2578 nuntiato
822 2513 886 2577 sibi
914 2534 980 2596 per·
995 2512 1150 2599 Ligurem

135 2601 296 2687 quendam
311 2623 350 2666 ex
371 2602 500 2667 auxiliis
520 2601 686 2687 gregalem
705 2601 851 2685 militem,
873 2601 930 2686 qui
947 2602 1036 2666 forte
1056 2625 1151 2688 aqua·

134 2697 205 2757 tum
232 2710 438 2775 progressus,
469 2691 545 2755 dum
572 2712 631 2774 per
658 2712 738 2756 saxa
766 2689 886 2755 montis
910 2691 1036 2756 cocleas
1061 2691 1150 2778 legit,

134 2779 175 2845 ad
199 2802 325 2844 summa
348 2783 556 2865 peruenerat,
580 2779 669 2865 erepi
691 2799 787 2863 posse
809 2778 845 2844 in
868 2779 1050 2860 castellum,
1073 2802 1152 2864 pau-

134 2891 189 2935 cos
227 2869 429 2935 centuriones
466 2889 539 2933 oum
569 2867 783 2933 uelocissimis
820 2867 994 2952 militibus,
1035 2870 1150 2954 quibus

206 3068 289 3117 2666
307 3061 352 3131 ΡΙ
378 3060 597 3125 3616616661
623 3059 868 3128 texpectabimur
888 3060 916 3114 P
937 3060 1151 3129 expectabimb

135 3148 189 3203 exp
191 3132 291 3187 ectaba
305 3131 349 3186 Η1
364 3132 565 3201 expectabatur
578 3129 618 3199 01
637 3135 669 3185 10
684 3130 836 3185 discessum
851 3131 885 3185 H
886 3131 915 3185 P
930 3131 1077 3187 decessum
1090 3149 1151 3198 con·

134 3205 209 3271 66661
232 3208 265 3258 16
284 3204 430 3257 sexcentos
448 3203 515 3270 hPl
533 3208 566 3257 19
585 3218 654 3257 sono
673 3201 799 3268 61111111
822 3207 857 3257 20
875 3202 965 3257 ab·ea
983 3206 1065 3270 parte
1082 3203 1151 3260 Oud

135 3274 194 3329 coll
209 3273 275 3328 Lis.
291 3277 399 3340 24461
417 3275 464 3329 sed
481 3274 516 3341 cf.
532 3272 704 3345 11266ῄὲ11
722 3277 725 3338 Ι
742 3278 776 3327 22
794 3273 974 3327 muluccham
990 3274 1037 3343 ΡΙ
1053 3280 1090 3331 27
1108 3291 1151 3330 oo·

136 3343 216 3398 cletis
235 3344 281 3410 ΡΙ
307 3350 341 3400 28
361 3344 432 3413 eripi
450 3345 520 3412 ΗΡ,
538 3362 585 3400 em.
605 3346 664 3401 edd
689 3346 694 3412 Ι
717 3350 750 3398 29
770 3343 947 3398 centuriones
966 3344 1070 3413 quibus
1088 3362 1151 3416 per-

134 3414 303 3470 fectissimos
334 3414 558 3497 (prefectissimia
582 3420 611 3484 (c
629 3432 662 3470 aa
679 3418 706 3484 r)
725 3415 770 3470 H¹
797 3413 1009 3484 perfectissimis
1026 3417 1059 3486 t)
1089 3434 1151 3472 cum

135 3484 319 3541 uelocissimis
338 3485 476 3541 militibus
495 3489 659 3542 aeneatores
677 3486 858 3542 immiscuerat
876 3486 954 3555 ΗΡ,
973 3489 1136 3559 transposui

988 3658 996 3691 θ
