2400 3944
144 184 188 249 34
350 183 425 240 IULI
443 181 622 240 FRONTINI
640 183 969 242 STRATEGEMATON

144 347 203 413 dro
226 345 310 413 dari:
334 368 414 431 quas
437 368 511 412 cum
534 346 623 412 iecur
642 347 784 413 calidum
806 347 974 430 rapuisset
997 352 1034 417 et
1053 370 1152 437 crepe

144 435 244 501 militi
276 439 364 500 esset
394 438 576 520 ostensum,
609 436 701 503 auxit
730 436 876 503 animum
902 440 1081 522 tanquam
1108 439 1153 507 dcc

145 523 329 608 spondente·
346 523 531 590 uictoriam.

212 612 276 694 [15.
300 611 391 678 Idem
408 613 487 678 fecit
505 610 641 678 Sudines
660 611 825 697 haruspex
841 614 1005 697 proelium
1018 615 1155 685 Eunicus

108 718 217 768 boum
241 700 345 766 Gallis
369 702 606 781 commissura]

212 791 263 858 16.
292 790 535 875 Epaminondas
564 789 739 856 Thebanus
767 791 923 857 aduersus
944 791 1155 861 lracedaenro

142 879 228 963 nios,
265 879 417 945 fiduciam
448 901 582 946 suorum
613 878 777 963 religione
806 879 1030 961 adiuuandam
1065 887 1156 962 ratus

143 991 235 1034 arma
262 990 345 1052 quae
373 971 571 1034 ornamentis
601 967 708 1033 adfixa
734 969 773 1033 in.
791 969 929 1053 templis
946 975 1049 1037 erant
1071 976 1156 1039 nocte

143 1058 307 1122 subtraxit
329 1057 555 1141 persuasitque
578 1056 741 1123 militibus
761 1057 842 1123 deos.
862 1058 925 1123 iter
943 1080 1048 1126 suum
1066 1060 1157 1147 sequi,

91 1162 123 1212 10
141 1148 178 1209 ut
201 1145 436 1229 proeliantibus
460 1146 540 1229 ipsis
564 1144 723 1211 adessent

210 1235 261 1300 17..
288 1234 464 1317 Agesilaus
486 1232 777 1318 Lacedaemonius,
803 1255 878 1301 cum
900 1236 1066 1320 quosdam
1089 1237 1156 1304 Per·

142 1344 252 1389 surum
270 1322 423 1407 cepisset,
446 1344 583 1407 quorum
601 1322 733 1389 habitus
753 1323 891 1387 multum
910 1326 1053 1391 terroris
1072 1349 1157 1413 praa·

140 1410 218 1490 fert,
251 1411 400 1495 quotiens
433 1415 525 1477 ueste
554 1411 692 1496 tegitur,
724 1411 863 1478 nudatos
896 1413 1065 1481 militibus
1097 1417 1157 1491 suis

142 1499 294 1583 ostendit,
308 1503 346 1564 ut
363 1501 441 1565 alba
456 1521 592 1584 corpora
611 1504 644 1565 et
660 1501 844 1567 umbratica
862 1506 1158 1571 contemnerentur-

89 1609 121 1656 1s
209 1589 259 1654 18.
297 1588 377 1654 Gelo
410 1586 644 1673 Syracusarum
676 1594 833 1672 tyrannus
864 1590 952 1656 bello
987 1591 1158 1659 aduersrm

140 1677 267 1744 Poenos
291 1681 455 1762 suscepto,
479 1699 552 1743 cum
575 1678 696 1741 multos
721 1679 874 1762 cepisset,
897 1679 1157 1748 infirmissimum

140 1789 300 1852 quemque
326 1768 499 1852 praecipue
527 1766 611 1850 <ex>
640 1766 866 1849 auxiliaribus,
899 1767 954 1851 qui
988 1770 1157 1855 niger-rimi

140 1861 246 1942 erant,
278 1857 432 1922 nudatum
459 1856 494 1920 in
522 1859 730 1939 conspectum
759 1877 892 1921 suorum
919 1858 1095 1945 produxit,
1125 1862 1158 1925 ut

140 1945 348 2030 persuaderet
371 1945 632 2011 contemnendos

87 2052 121 2102 ao
209 2035 259 2101 19.
283 2032 387 2119 Cyrus
405 2056 462 2101 rex
479 2034 666 2116 Persarum,
689 2037 726 2096 ut
744 2033 925 2098 concitaret
948 2033 1080 2102 animos
1102 2059 1157 2121 po·

140 2123 319 2208 pularium,
351 2126 423 2188 tota
454 2123 506 2187 die
538 2123 573 2186 in
606 2121 780 2187 excidenda
813 2122 898 2187 silua'
929 2123 1071 2206 quadam
1104 2146 1157 2191 eos

74 2292 79 2297 ἰ
140 2212 308 2296 fatigauit3
332 2210 447 2275 deinde
469 2210 626 2294 postridie
648 2211 815 2294 praestitit
839 2211 885 2275 cis
908 2211 1157 2279 liberalissimas

140 2305 251 2383 epulas
275 2303 308 2363 et
329 2299 557 2382 interrogauit,
580 2304 653 2364 utro
672 2300 777 2383 magis
798 2299 982 2383 gauderent.
1020 2323 1158 2387 cumque

140 2388 170 2453 ei
193 2387 376 2471 praesentia
398 2388 606 2472 probassent,
629 2386 732 2472 ‘atqui
754 2410 812 2472 per
835 2387 936 2472 haec',
959 2389 1083 2477 inquit,
1107 2390 1158 2456 ‘ad

86 2494 120 2542 25
139 2477 196 2541 ille
219 2476 477 2560 perueniendum.
495 2479 558 2541 est:
587 2499 663 2541 nam
687 2476 783 2542 liberi
806 2478 959 2562 beatique
982 2498 1071 2564 esse,
1093 2479 1158 2546 nisi

139 2565 251 2630 Medos
274 2565 433 2649 uiceritis,
455 2586 526 2630 non.
543 2564 709 2649 potestis':
742 2570 839 2650 atque
862 2567 909 2631 ite
928 2587 985 2631 eos
1003 2567 1045 2632 ad
1070 2568 1159 2654 cupi·

140 2653 274 2719 ditatem
297 2654 413 2738 proelii
436 2654 621 2721 concitauit.

206 2743 259 2808 20.
282 2743 317 2808 L.
332 2741 435 2828 Sulla,
459 2743 534 2829 quia
556 2744 710 2809 aduersus
735 2742 930 2809 Archelaum
955 2743 1157 2828 praefectum

210 2925 227 2974 4
245 2921 395 2991 exemplum
413 2921 547 2983 alienum:
570 2920 604 2986 ef.
620 2920 711 2988 praef.
731 2918 751 2990 ἕ
770 2924 787 2974 9
812 2922 815 2982 Ι
847 2917 965 2973 Sudines
984 2918 1106 2977 omaus.
1123 2937 1159 2976 aa

138 2992 269 3063 Polyaen.
283 2996 310 3058 4,
319 2997 359 3048 20
363 3011 374 3057 ‚·
392 2990 612 3056 cfiStrab.16,6
629 2989 727 3058 ynides
736 2990 771 3044 H
773 2989 801 3042 P
813 2992 817 3059 Ι
834 3006 939 3060 auspex
948 2989 1019 3057 HP,
1032 2993 1135 3047 corrad
1151 2991 1155 3063 Ι

139 3069 154 3117 5
174 3064 371 3118 commissuros
388 3061 432 3116 H¹
448 3064 452 3130 Ι
469 3068 485 3116 6
504 3059 714 3130 Epimanondas
732 3061 816 3128 1119
836 3062 911 3116 inter
929 3061 993 3127 Hb!
1018 3067 1049 3114 11
1072 3080 1157 3132 quas·

138 3134 203 3188 dam
218 3134 269 3202 ΗΙ
284 3133 427 3206 pssfsarum
447 3134 529 3201 (duae
549 3134 599 3188 litt.
619 3137 723 3200 erasae)
737 3132 788 3200 H}
806 3138 839 3186 12
858 3131 1019 3201 coepissent
1031 3135 1063 3198 (n
1081 3138 1157 3203 exp.)

137 3204 172 3257 H
185 3207 189 3271 Ι
204 3204 351 3259 habitatus
365 3206 400 3259 H
414 3210 477 3260 autc
495 3220 551 3260 ras.
568 3207 572 3272 l
588 3202 699 3273 profert
709 3203 752 3257 H:
773 3221 812 3259 aa
831 3201 941 3258 offert?
958 3206 961 3273 Ι
979 3209 1013 3257 14
1031 3204 1157 3259 ctcmne·

137 3277 233 3328 rentur
243 3275 284 3340 H,
302 3277 348 3330 sed
361 3285 377 3330 e
389 3278 421 3330 ia
433 3277 521 3331 raab
540 3277 757 3330 contemnerent·
768 3276 827 3331 edd.
844 3276 849 3344 1
871 3280 903 3329 15
923 3275 1161 3345 syracusommP

138 3348 395 3429 syracusanorumd
409 3348 603 3430 coll.p.37,25
619 3349 623 3416 l
642 3348 842 3430 luexsappld
857 3348 861 3415 Ι
879 3351 913 3401 18
923 3348 1107 3414 conspectum
1115 3345 1158 3443 H,·

137 3417 183 3471 sed
201 3435 229 3469 m
248 3423 384 3484 expensa
402 3423 427 3471 et
445 3424 528 3473 maest
546 3419 651 3486 eadem,
673 3424 704 3473 ut
722 3419 791 3485 ard,
809 3434 908 3473 macas
927 3420 1082 3486 conspectu
1103 3419 1133 3473 P
1149 3419 1154 3490 Ι

137 3493 172 3541 20
190 3503 367 3556 persararum
385 3488 416 3542 Η
434 3494 498 3544 aute
515 3506 571 3546 raa.
597 3492 602 3560 Ι
626 3496 659 3545 21
680 3488 827 3545 excitanda
845 3490 880 3543 H
898 3491 914 3557 1·
928 3494 964 3544 24
980 3488 1020 3543 eis
1039 3489 1074 3542 H
1091 3495 1160 3546 aare

136 3575 191 3614 raa
213 3561 218 3628 1
241 3562 274 3612 28
295 3559 368 3628 sylla
381 3559 445 3614 ΗΡ
