2400 3944
156 184 201 248 46
362 181 437 237 IULI
455 178 634 236 FRONTINI
653 177 979 236 STRATEGEMATON

155 345 401 430 inquietaretur,
414 345 492 408 dum
510 347 583 408 tote
601 347 696 410 nocte
715 342 750 407 in
769 342 911 411 statione
929 343 1160 429 custodiaacet

156 433 330 517 deludant
349 434 399 497 sni
417 454 511 501 mane
530 433 666 517 integris
685 431 811 497 uiribus
830 452 904 499 cum
921 430 1159 520 botencurt

156 523 201 589 lia
220 521 444 588 marcentibus
467 521 693 606 confligerent,
716 521 788 585 loeo
807 523 846 585 ut
863 519 1018 587 uoluerat
1036 523 1160 607 artat

156 633 220 696 quo
238 609 362 676 Xerxes
381 610 588 677 multitudine
608 631 672 694 qua
692 609 883 695 praestabat
901 609 1039 677 utinen
1057 614 1159 695 posset
1197 679 1198 684 ,

120 826 135 876 t
421 819 469 875 lIl.
497 818 545 873 Dii
565 818 649 874 AOIE
669 817 897 874 ORDINANDA.

222 969 251 1033 1.
280 965 336 1033 On.
357 965 470 1050 Scipio.
489 965 526 1035 in
546 963 709 1050 Hispania
731 963 888 1029 aduersus
909 962 1159 1035 Hannonem

153 1055 309 1139 oppidum
326 1052 476 1137 Indibile,
495 1075 568 1119 curn
588 1052 871 1119 animaduertisset
888 1052 1051 1121 Punicam
1072 1056 1159 1123 roien

153 1144 201 1207 ita
224 1143 394 1225 directam,
416 1146 454 1208 nt
470 1143 506 1207 in
524 1142 636 1208 dextro
656 1163 756 1207 cornu
772 1140 913 1226 Hispani
936 1142 1159 1213 constitueren-

151 1235 219 1315 tur,
242 1231 398 1297 rebustus
415 1231 545 1313 quidem
563 1231 675 1314 miles,
690 1229 747 1294 sed
766 1231 822 1314 qui
840 1231 986 1299 alienum
1003 1233 1160 1318 negotium

101 1338 134 1387 10
153 1323 277 1402 ageret,
307 1319 340 1383 in
370 1319 503 1385 sinistro
533 1323 641 1384 autem
669 1318 756 1402 Afri,
784 1319 898 1388 minus
920 1319 1052 1389 uiribus
1079 1319 1159 1403 fiant.

152 1408 209 1472 sed
238 1406 341 1473 animi
369 1409 620 1490 constantiores,
647 1409 778 1473 reducto
807 1407 940 1473 sinistro
969 1409 1079 1475 latere
1102 1431 1160 1477 suo

151 1519 237 1581 rum,
260 1496 373 1561 dextro
393 1518 505 1579 cornu,
529 1497 618 1582 quod
633 1496 841 1562 ualidissimis
864 1496 1026 1563 militibus
1049 1504 1160 1567 emme

150 1589 258 1669 xerat,
286 1585 420 1669 obliqua
447 1586 515 1650 acie
542 1608 615 1652 cum
643 1585 737 1651 hoste
761 1585 918 1651 conflixitz
947 1586 1076 1659 deinde
1091 1586 1161 1655 fuas

150 1674 335 1759 fugatisque
355 1673 444 1739 Afris
463 1673 642 1758 Hispanos,
666 1675 722 1758 qui
743 1674 780 1739 in
802 1695 931 1739 recessu
949 1676 1161 1758 spectantium

98 1780 130 1830 1⁶
150 1786 239 1830 more
264 1766 435 1846 steterant,
458 1762 553 1829 facile
577 1764 609 1830 in
634 1763 830 1831 deditionem
853 1763 1021 1848 compulit.

216 1853 247 1920 2.
269 1851 441 1938 Philippus
464 1852 679 1918 Macedonum
701 1874 758 1916 rex
781 1852 934 1918 aduersus
957 1851 1097 1937 Hyllios
1117 1874 1162 1941 ge·

148 1963 223 2006 rens
237 1942 370 2026 bellum,
388 1946 425 2006 ut
440 1941 670 2007 animaduertit
687 1939 831 2006 frontem
849 1940 995 2005 hostium
1009 1944 1162 2027 stipatam

149 2031 260 2096 electis
285 2030 323 2094 de
347 2034 418 2095 toto
443 2031 584 2095 exercitu
603 2030 696 2113 uiris,
718 2029 824 2095 latera
843 2033 952 2095 autem
976 2029 1163 2111 infirmiore,

148 2118 338 2184 fortissimis
358 2140 490 2184 suorum
504 2120 537 2183 in
553 2120 667 2184 dextro
682 2139 782 2183 cornu
796 2117 983 2202 conlocatis,
998 2119 1162 2189 sinistrum

95 2207 234 2273 aelatus
262 2206 408 2272 hostium
436 2207 557 2273 inuasit
583 2208 779 2291 turbataque
805 2210 881 2273 tota
901 2207 974 2277 acic.
995 2208 1163 2277 uictoriam

146 2295 344 2380 profligauit.
384 2335 389 2344 ·

214 2384 244 2449 3.
274 2384 466 2448 Pammenes
486 2382 674 2466 Thebanus,
698 2388 873 2470 conspecta
892 2384 1070 2453 Persarum
1092 2386 1163 2469 acie,

147 2494 228 2556 quae
251 2471 502 2539 robustissimae.
520 2473 631 2557 copias
656 2474 692 2539 in
715 2473 827 2539 dextro
852 2495 950 2541 cornu
975 2476 1162 2543 conlocatas

144 2561 303 2645 habebat,
327 2561 428 2627 simili
445 2561 574 2627 ratione
593 2566 626 2627 et
644 2563 716 2648 ipse
739 2585 815 2628 suos
834 2563 1000 2628 ordinauit
1022 2585 1162 2633 ornnem·

92 2667 125 2716 25
146 2672 207 2734 que
240 2649 420 2734 equitatum
453 2654 486 2716 et
514 2651 730 2719 fortissimum
763 2673 922 2736 quemque
952 2652 1104 2735 peditum
1133 2653 1164 2719 iu

145 2740 257 2805 dextro
286 2760 400 2823 cornu,
426 2739 669 2811 infirmissimos
698 2744 805 2813 autem
829 2743 943 2806 contra
965 2740 1163 2809 fortissimos

144 2827 288 2894 hostiurn
311 2829 421 2913 posuit
443 2830 686 2915 praecepitque,
714 2831 751 2892 ut
775 2829 815 2894 ad
839 2830 982 2914 primum
1003 2829 1163 2915 impetum

144 2939 253 2984 eorum
286 2919 367 3003 fuga
396 2917 459 2983 sibi
487 2919 692 2984 consulerent
720 2918 796 3002 <et>
824 2918 860 2983 in
889 2917 1062 2985 siluestria
1090 2940 1163 2987 con·

143 3008 339 3093 fragosaque
371 3006 445 3072 loca
478 3029 511 3073 se
544 3008 736 3093 reciperent:
773 3008 821 3072 ita
853 3006 1012 3072 frustrato
1045 3009 1162 3074 robore

214 3208 227 3254 1
249 3199 378 3255 custodie
395 3202 435 3270 dl
457 3207 473 3256 3
492 3200 631 3255 marcenti
650 3199 678 3254 P
697 3202 701 3269 Ι
726 3205 744 3254 4
761 3199 854 3255 xerxis
873 3199 909 3254 Η
925 3201 929 3267 Ι
953 3198 1048 3267 possit
1066 3200 1102 3255 H
1117 3202 1123 3269 1
1144 3204 1160 3255 t

141 3286 280 3325 annonem
300 3271 328 3324 P
347 3273 351 3339 Ι
378 3277 393 3326 t
412 3271 533 3327 Indibile
557 3272 617 3329 edd.
644 3270 771 3331 inolibile
787 3271 854 3326 ΗΡ
883 3269 1000 3326 Indibili
1018 3270 1161 3329 Stratum

140 3338 278 3403 Intibilim
294 3340 363 3398 Oud.
382 3344 386 3408 1
404 3349 435 3397 11
454 3342 652 3399 constantioris
667 3342 711 3411 ΡΙ
727 3341 808 3398 miles
826 3341 934 3401 uiribus
952 3339 1093 3401 infirmior
1111 3340 1159 3397 sed

140 3411 226 3467 animi
250 3413 449 3469 constantioris
468 3416 514 3485 dl
544 3420 577 3469 12
602 3413 756 3471 extrixerat
773 3413 818 3467 H¹
842 3417 847 3483 1
875 3419 914 3475 14,
927 3412 1114 3482 spectandum
1130 3408 1162 3467 H

140 3483 316 3552 spectantum
332 3484 378 3549 ΡΙ
403 3491 436 3539 16
454 3485 572 3556 yllyrios
591 3486 637 3554 ΡΙ
663 3490 696 3539 18
716 3484 822 3541 electus
842 3485 937 3541 deioto
951 3484 1017 3554 11¹1
1044 3490 1078 3541 19
1096 3500 1157 3543 col·

139 3554 249 3610 locatus
268 3553 312 3608 Η1
333 3559 337 3622 Ι
363 3561 396 3611 28
416 3555 471 3610 sibi
489 3557 557 3626 fuga
577 3557 605 3610 P
626 3559 630 3626 Ι
656 3559 685 3612 et
702 3557 848 3626 cupplctd
