2400 3944
137 188 181 254 42
342 188 417 244 IULI
434 186 612 243 FRONTINI
632 186 960 245 STRATEGEMATON.

136 375 267 435 norum,
296 373 423 436 semper
445 350 603 416 inclinato
627 350 679 416 die
701 351 904 417 committere
926 352 1057 436 proelia
1082 353 1149 419 soli-

136 447 221 525 tum,
244 444 293 519 ut,
317 441 345 504 si
367 438 560 524 fugarentur
584 440 647 519 sui,
672 444 889 524 opportunam
905 443 1041 507 noctem
1061 441 1149 508 habe

136 534 209 596 rent
230 529 273 594 ad
295 528 551 594 delitiscendum.

205 620 256 685 14.
279 616 433 683 Lucullus
453 618 607 683 aduersus
626 615 853 682 Mithridatem
872 620 905 681 et
923 616 1151 703 Tigranemin

102 708 293 774 sArmenia
318 712 440 772 maiore
469 706 553 791 apud
577 707 859 792 Tigranocertam,
883 726 960 772 eum
988 707 1065 792 ipse
1093 729 1150 775 non

137 797 278 883 amplius
307 796 492 881 quindecim
520 795 611 860 milia
639 798 838 860 armatorum
865 793 1018 875 haberet,
1048 795 1150 863 -lrost'a

136 891 247 952 autem
269 885 540 951 innumerabilem
561 883 805 949 multitudinem
828 900 933 968 'eoque
960 885 1037 969 ipso
1068 885 1150 953 isba·-

136 976 251 1060 bilem,
280 996 360 1040 usus
388 974 450 1040 hoe
473 978 541 1038 eius
564 972 768 1038 incommodo
796 973 940 1038 nondum
965 973 1150 1041 ordinatam

137 1064 281 1130 hostium
310 1064 411 1126 aciem
439 1061 561 1127 inuasit
588 1066 686 1146 abque
719 1062 767 1127 ita
794 1062 944 1146 protinus
972 1062 1150 1150 dissipauit,

86 1170 119 1220 10
138 1157 175 1218 ut
196 1151 260 1237 ipsi
283 1170 411 1234 quoque
433 1170 527 1236 reges
552 1151 686 1215 abiectis
709 1150 894 1237 insignibus
915 1150 1087 1236 tugerent.

205 1238 256 1305 15.
294 1238 344 1304 Ti.
370 1237 457 1304 Nero
491 1238 646 1305 aduersus
679 1238 880 1318 Pannonios,
916 1260 991 1304 eum
1023 1240 1151 1307 barbari

136 1329 261 1394 feroces
284 1328 320 1391 in
338 1329 441 1392 aciem
465 1328 590 1393 oriente
610 1328 724 1393 statim
743 1328 793 1392 die
811 1329 1059 1413 processissent,
1083 1350 1150 1397 con·

137 1418 235 1482 tinuit
260 1437 335 1481 suos
359 1437 538 1501 passusque
561 1420 611 1483 est
633 1416 762 1482 hostem
784 1417 905 1482 nebula
925 1420 960 1482 et
984 1418 1151 1503 imbribus

137 1507 193 1592 qui
210 1505 295 1570 forte
313 1506 369 1570 illc
390 1505 441 1571 die
460 1505 564 1571 crebri
583 1509 683 1591 erant,
701 1505 877 1571 uerberari.
901 1527 939 1571 ac
954 1505 1084 1593 deiude,
1101 1506 1151 1574 ubi

84 1612 119 1662 15
137 1596 259 1660 fessum
286 1594 401 1659 stando
426 1597 458 1659 et
480 1595 594 1679 pluuia
615 1615 682 1660 non
707 1595 812 1661 solum
834 1594 890 1659 sed
908 1597 942 1659 et
959 1594 1151 1662 lassitudine

137 1684 271 1749 deficere
295 1684 539 1768 animaduertit,
562 1684 656 1768 signo
677 1683 754 1749 dato
779 1683 912 1749 adortus
936 1687 1117 1768 superauit

206 1773 256 1838 16.
283 1769 320 1837 Ο.
334 1769 454 1838 Caesar
472 1773 507 1837 in
526 1771 647 1856 Gallia,
665 1773 742 1856 quia
761 1777 963 1858 compererat
983 1773 1150 1840 Ariouisto

137 1860 373 1928 Germanorum
396 1862 467 1945 regi
490 1861 680 1927 institutum
700 1865 733 1926 et
753 1863 846 1945 quasi
868 1862 974 1946 legem
993 1882 1068 1928 esse
1091 1884 1153 1930 non

137 1951 303 2037 pugnandi
322 1950 524 2015 decrescente
546 1950 635 2034 luna,
659 1950 731 2014 tum
753 1951 960 2035 potissimum
980 1952 1051 2017 acie
1071 1970 1152 2018 eem-

84 2057 120 2106 1ο
138 2041 239 2106 missa
261 2039 424 2123 inpeditos
448 2039 608 2125 religione
631 2038 741 2104 hostes
766 2039 854 2106 uicit.

205 2130 257 2194 17.
284 2126 388 2192 Diuus
417 2128 586 2213 Augustus
609 2126 830 2212 Vespasianus
857 2127 995 2194 Iudaeos
1020 2126 1164 2195 Saturni

138 2217 202 2300 die,
239 2238 302 2300 quo
340 2217 387 2280 eis
419 2216 513 2281 nefas
546 2219 596 2280 est
627 2216 799 2302 quicquam
832 2217 936 2282 seriae
966 2217 1014 2282 rei
1049 2236 1153 2304 agere,
1192 2208 1194 2267 ἶ

138 2304 270 2372 adortus
294 2305 469 2388 superauit.

206 2393 256 2458 18.
280 2390 447 2476 Lysander
464 2392 738 2460 Lacedaemonius
758 2393 913 2460 aduersus
932 2393 1153 2462 Athenienses

83 2498 118 2547 as
138 2482 222 2566 apud
245 2481 508 2565 Aegospotamos
535 2482 680 2548 instituit
708 2486 795 2550 certo
824 2487 971 2569 tempore
996 2484 1153 2550 infestare
1173 2552 1177 2557 ,

136 2590 236 2636 naues
254 2569 515 2654 Atheniensium,
539 2571 613 2637 dein
636 2594 787 2638 reuocare
811 2574 958 2638 classem.
999 2594 1040 2637 ea
1063 2594 1099 2640 re
1121 2574 1154 2639 in

136 2657 403 2724 consuetudinem
421 2660 590 2744 perducta,
609 2682 682 2726 cum
700 2660 916 2727 Athenienses
935 2665 1011 2746 post
1030 2660 1153 2748 digres-

137 2770 209 2813 sum
232 2748 301 2812 eius
325 2748 366 2813 ad
389 2749 627 2814 contrahendas
657 2750 767 2834 copias
795 2749 1075 2836 dispergerentur,
1102 2770 1153 2816 111·

137 2837 241 2901 tendit
259 2859 297 2902 ex
312 2838 544 2903 consuetudine
561 2838 698 2902 classem
718 2841 751 2902 et
765 2841 899 2924 recepit:
917 2844 987 2903 tum
1005 2838 1153 2906 hostium

84 2940 118 2990 30
137 2926 279 2991 maxima
301 2931 396 3011 parte
415 2948 454 2991 ex
472 2948 561 2993 more
585 2926 725 3010 dilapsa,
747 2928 890 3012 reliquos
914 2927 1048 2994 adortus
1072 2928 1152 2995 occi·

137 3014 184 3079 dit
208 3015 284 3098 <et>
308 3016 477 3081 uniuersas
500 3036 600 3081 naues
625 3015 719 3101 cepit.

207 3214 225 3262 4
243 3206 423 3262 11111111Η1
439 3209 444 3278 1
465 3206 638 3262 mitridatem
654 3208 698 3271 ΡΙ
720 3207 890 3277 Thigranem
904 3207 950 3277 Ρ1
972 3211 989 3261 5
1008 3207 1151 3265 armoenia

136 3276 172 3331 H
183 3279 188 3345 1
203 3276 335 3346 thigrana
349 3279 455 3333 certam
464 3278 493 3333 -P
506 3280 510 3347 1
526 3285 543 3333 6
557 3278 653 3334 hostes
668 3278 703 3334 Η
704 3279 738 3347 P,
754 3295 824 3335 corr.
839 3279 859 3334 d
873 3280 879 3349 1
897 3284 930 3334 10
948 3278 1109 3336 ebieetdbue
1122 3277 1154 3335 H

136 3353 200 3403 autc
218 3360 287 3404 corr.
309 3351 313 3417 1
335 3355 367 3403 11
387 3348 429 3405 Ἠ.
448 3351 507 3405 cdd.
527 3350 559 3404 T.
573 3350 630 3417 hP,
648 3361 698 3406 em.
713 3348 757 3405 H¹
773 3353 777 3419 1
804 3355 836 3403 11
856 3349 959 3404 orienti
972 3348 1009 3404 H
1019 3351 1025 3422 1
1052 3356 1087 3406 lt
1105 3348 1151 3407 ssd

136 3421 165 3473 et
184 3434 233 3473 om.
254 3420 288 3472 H
309 3421 315 3488 1
341 3426 373 3476 17
393 3418 422 3473 0.
441 3436 492 3476 om.
508 3420 543 3475 H
559 3424 564 3489 1
590 3427 622 3475 18
646 3420 785 3478 militibus
801 3426 863 3490 poet
881 3437 942 3475 esse
961 3418 1025 3479 cdd.
1045 3424 1068 3479 d
1086 3422 1092 3495 1
1116 3426 1148 3476 11

135 3490 319 3571 uespasionus
329 3490 364 3546 Η
377 3498 381 3559 1
397 3496 431 3545 15
447 3507 535 3562 aegeo
548 3496 681 3563 potamus
696 3493 731 3546 H
745 3509 815 3562 egeo
829 3495 958 3562 potamos
972 3492 1007 3559 P,
1025 3491 1150 3618 1111111

135 3560 323 3631 111011111Ρ1
346 3569 380 3618 16
400 3561 502 3619 deiude
516 3565 535 3619 d
551 3565 555 3633 1
571 3568 605 3617 17
625 3564 826 3620 consuetudine
845 3562 910 3630 1111
927 3569 960 3618 31
981 3566 1011 3619 11
1027 3565 1118 3636 suppl.

1191 3670 1194 3753 l

1192 3758 1194 3829 l
