2400 3944
366 190 478 246 Llssun
495 193 516 248 1.
545 192 622 249 cnP.
641 200 720 250 2-4.
1008 197 1049 261 ll

100 354 132 419 6.
155 353 390 419 Themistocles
405 354 601 421 aduentante
614 355 729 442 Xerxe,
748 358 824 443 quia
837 380 940 444 neque
956 383 1050 444 proe-

55 467 76 510 ο
96 443 243 526 pedestri
260 464 364 527 neque
383 444 504 509 tutelae
523 445 637 509 finium
650 467 754 530 neque
768 447 931 513 obsidioni
945 450 1051 514 erede·

55 535 88 597 at
106 530 256 596 sufficere
269 532 497 615 Athenienses,
516 537 628 598 auctor
645 533 710 599 fuit
724 536 771 600 eis
785 536 904 603 liberos
924 542 957 602 et
976 560 1051 604 con-

55 642 126 706 iges
140 621 175 683 in
186 619 350 686 Troezena
365 625 398 686 et
411 622 445 685 in
460 621 542 687 alias
556 623 652 687 urbes
668 625 861 690 amandandi
874 626 1050 711 relictoque

55 709 158 795 ppido
184 711 307 774 statum
335 710 414 774 belli
438 711 479 774 ad
501 711 619 775 nauale
641 711 802 795 proelium
825 714 1086 780 transferendis

103 799 147 878 [7.
170 796 262 862 Idem
284 796 363 862 fecit
381 799 416 862 in
435 799 547 864 eadem
567 800 700 864 ciuitate
719 800 859 866 Pericles
879 802 1050 868 aduersum

57 885 332 966 acedaemonios.]

101 975 132 1040 8.
156 971 277 1059 Scipio,
301 978 454 1040 manente
472 977 507 1041 in
525 977 624 1041 Italia
640 976 839 1063 Hannibale,
857 979 1051 1044 transmisso

55 1088 63 1128 ι
102 1062 250 1128 Africam
287 1065 429 1129 exercitu
465 1066 694 1132 necessitatem
727 1066 1050 1153 Carthaginiensibus

55 1151 182 1236 rposuit
205 1152 377 1216 revocandi
399 1152 633 1218 Hannibalem:
657 1154 704 1220 sic
727 1179 746 1221 a
770 1156 956 1221 domesticis
978 1157 1051 1221 fini·
1072 1173 1104 1224 10

55 1265 94 1305 us
120 1239 200 1323 <in>
223 1239 359 1306 hostiles
382 1242 552 1306 transtulit
574 1243 704 1308 bellum.

102 1329 131 1393 9.
161 1328 390 1411 Athenienses,
419 1351 492 1394 cum
516 1329 680 1397 Deceliam
709 1334 878 1398 castellum
904 1333 1051 1418 ipsorum

58 1417 283 1484 acedaemonii
306 1419 561 1484 communissent
580 1424 613 1484 et
630 1421 831 1506 frequentius
850 1427 1052 1505 vexarentur,
1115 1444 1118 1451 ·

56 1528 187 1590 assem,
211 1528 293 1590 quae
310 1506 571 1592 Peloponensum
589 1509 776 1594 infestaret,
798 1511 958 1576 miserunt
977 1532 1051 1575 eon·

56 1595 201 1679 acutique
234 1598 323 1677 sunt,
355 1600 392 1660 ut
424 1597 583 1662 exercitus
615 1597 958 1682 Lacedaemoniorum,
996 1598 1052 1682 qui
1071 1613 1104 1663 15

56 1683 186 1750 *coeliae
210 1686 294 1768 erat,
317 1689 534 1750 reuocaretur.

102 1773 155 1838 10.
182 1770 365 1857 Imperator
392 1771 512 1839 Caesar
534 1773 741 1840 Domitianus
766 1773 949 1858 Augustus,
978 1796 1051 1839 cum

56 1860 190 1926 ermani
213 1882 302 1926 more
322 1883 380 1927 suo
400 1883 417 1926 e
436 1862 574 1927 saltibus
595 1866 628 1927 et
647 1863 793 1928 obscuris
818 1863 954 1927 latebris
978 1864 1051 1928 sub·

56 1950 108 2014 rde
133 1951 352 2035 impugnarent
373 1955 504 2016 nostros
527 1955 701 2036 tutumque
723 1973 905 2037 regressum
926 1952 960 2016 in
978 1972 1051 2035 pro·

56 2039 137 2104 inda
156 2039 311 2103 siluarum
330 2039 504 2125 haberent,
525 2040 686 2105 limitibus
706 2062 764 2124 per
783 2043 912 2106 centum
931 2041 1051 2126 uiginti
1070 2055 1104 2105 20

56 2128 126 2192 lilia
147 2149 304 2211 passuum
323 2128 405 2193 actis
425 2151 492 2193 non
512 2129 654 2193 mutauit
671 2132 800 2194 tantum
819 2132 942 2194 statum
962 2127 1051 2214 belli,

56 2216 91 2282 ed
121 2219 154 2280 et
181 2216 319 2281 subiecit
346 2216 465 2282 dicioni
494 2238 571 2282 snae
597 2217 725 2300 hostes,
758 2240 894 2302 quorum
924 2219 1051 2304 refugia

56 2304 225 2370 udauerat.

57 2480 93 2534 Il.
128 2477 176 2533 DE
200 2479 708 2607 TRANSDUOENldFdddAOITU
731 2481 804 2536 PER
821 2481 917 2538 LOCA
941 2482 1051 2538 HOSTI
1070 2555 1104 2605 25

104 2660 132 2723 1.
160 2658 321 2724 Aemilius
345 2660 465 2725 Paulus
494 2663 608 2727 consul
636 2683 708 2727 cum
737 2662 772 2726 in
796 2662 935 2727 Lucanis
959 2663 1051 2727 iuxta

58 2751 114 2812 tus
146 2752 286 2832 angusto
317 2749 434 2814 itinere
462 2751 636 2815 exercitum
665 2750 795 2815 duceret
823 2755 856 2816 et
883 2750 1052 2815 Tarentini

106 2928 124 2975 4
142 2925 257 2977 trozena
268 2922 303 2976 H
305 2923 351 2986 Pl
374 2923 543 2978 amandandi
563 2924 643 2978 Mod.
669 2923 801 2977 affidandi
815 2922 850 2977 H
866 2921 1008 2977 ominandi
1025 2922 1053 2975 P

57 2993 183 3048 mittendi
202 2995 221 3049 d
245 2997 249 3060 Ι
273 2992 427 3062 relictaque
446 2994 490 3047 H¹
515 2999 519 3060 l
545 3001 560 3048 6
580 2996 730 3063 exemplum
749 2995 883 3059 alienum,
908 2993 942 3059 cf:
960 2994 1051 3061 praef.

72 3070 90 3120 9
113 3066 117 3130 Ι
142 3071 159 3119 9
179 3064 330 3119 exercitum
345 3064 379 3117 H
394 3070 458 3120 aute
476 3068 552 3134 ros!
578 3065 676 3120 cartha
699 3064 704 3076 '
727 3063 839 3119 ensibus
858 3063 893 3117 H
909 3066 914 3129 Ι
938 3069 971 3118 10
990 3062 1051 3117 fini·

57 3152 85 3189 us
104 3137 124 3190 d
141 3135 285 3191 funeribus
304 3135 388 3206 HPl
414 3141 445 3189 11
464 3134 495 3189 in
512 3136 631 3191 hostiles
650 3083 823 3191 FidneAeim
840 3133 944 3189 hostile
963 3134 1029 3188 ΗΡ

57 3213 68 3260 3
88 3205 281 3275 frequentibus
299 3206 334 3260 H
352 3210 356 3274 Ι
381 3207 614 3332 uexarenturpjcf.
631 3208 721 3277 praef.
740 3206 761 3278 §
779 3211 814 3260 14
839 3212 844 3272 ι
871 3213 904 3261 14
922 3223 979 3289 qua
999 3206 1026 3259 P

57 3277 250 3346 aloponessum
268 3277 315 3337 Pl
334 3277 502 3332 infestarent
515 3277 549 3330 H
576 3319 585 3345 ,
605 3295 674 3333 corr.
693 3280 752 3334 edd.
770 3281 775 3346 Ι
796 3279 995 3347 consecutrque
1011 3279 1050 3345 H,

57 3350 80 3472 ξ
99 3352 327 3475 ᾳιιὲῗιρενεοὲι
354 3354 386 3403 16
405 3347 562 3419 decaelielss
577 3351 648 3416 (wno
666 3350 719 3404 litt.
738 3354 829 3417 masa)
850 3349 902 3418 ΗΙ
925 3354 959 3403 20
977 3348 1051 3402 mili-

77 3437 111 3473 us
220 3437 267 3475 em.
310 3437 346 3475 cr.

106 3461 270 3546 25'inlessa
290 3490 376 3558 Oud.;
399 3489 435 3556 cf.
455 3492 529 3555 3,13
555 3491 559 3558 1
584 3493 619 3543 26
638 3489 754 3563 Paulus]
774 3491 868 3562 Papus
890 3491 990 3558 Tenc.;
1015 3490 1051 3558 ef.

57 3562 122 3629 raes.
142 3561 210 3633 §11
233 3566 238 3633 l
258 3568 292 3618 2⁷
312 3560 415 3618 tantini
435 3560 481 3614 Hl
