2400 3944
142 181 185 246 80
345 181 420 237 IULI
437 180 615 236 FRONTINI
635 176 964 235 STRATEGEMATON

142 350 174 411 et
197 345 355 410 exercitus
371 344 594 428 desperatione
618 342 826 408 aduentantis
849 342 1011 427 praesidii
1036 344 1151 430 adflige

141 438 303 587 rentprffl,
323 520 415 587 Sulla
438 522 503 604 his,
527 521 582 606 qui
604 520 781 586 Praeneste
803 517 1063 608 obsidebantur,
1085 524 1153 589 ocei-

143 632 252 676 sorum
275 612 310 675 in
332 611 456 694 proelio
481 610 598 675 ducum
621 610 730 694 capita
757 609 861 674 hastis
884 610 1036 693 praefixa
1060 617 1153 678 osten·

106 719 122 769 5
143 699 191 764 dit
219 704 316 784 atque
339 701 385 764 ita
410 700 649 764 obstinatorum
672 697 888 782 peruicaciam
910 697 1028 784 fregit.

209 791 238 853 4.
267 787 436 853 Arminius
455 789 520 852 dux
538 787 777 853 Germanorum
800 787 910 870 capita
933 809 1155 875 eorumquae

142 878 318 960 occiderat,
351 877 502 942 similiter
534 877 679 961 praefixa
712 877 751 940 ad
779 876 903 941 uallum
931 875 1086 946 hostium
1113 879 1157 945 ad·

142 968 268 1032 moueri
291 967 396 1031 iussit.

209 1056 239 1120 5.
262 1052 425 1120 Domitius
445 1053 600 1137 Corbulo,
620 1076 693 1118 cum
708 1052 976 1138 Tigranocertam
998 1054 1157 1123 obsideret

90 1165 122 1213 10
143 1150 176 1208 et
199 1143 346 1207 Armenii
369 1143 579 1226 pertinaciter
605 1142 795 1207 uiderentur
821 1141 995 1206 toleraturi
1024 1145 1156 1212 obsidio

142 1254 230 1313 nem,
249 1232 284 1295 in
307 1231 501 1297 Vadandum
530 1252 569 1295 er
594 1231 796 1315 megistanis,
826 1251 906 1315 quos
926 1240 1074 1318 ceperat,
1098 1234 1156 1300 ani·
1178 1302 1193 1313 „

143 1320 319 1384 maduertit
346 1323 506 1404 caputque
535 1320 604 1384 eius
628 1319 762 1384 ballista
785 1340 956 1384 excussum
980 1320 1075 1387 intra
1098 1344 1157 1388 mu·
1197 1360 1199 1371 =

142 1410 289 1473 nimenta
311 1409 456 1474 hostium
477 1408 577 1473 misit.
619 1408 653 1472 id
681 1408 766 1473 forte
797 1407 917 1473 decidit
950 1407 987 1472 in
1021 1410 1156 1477 medium
1197 1442 1199 1479 ε

143 1497 330 1581 concilium,
359 1497 445 1583 quod
473 1519 545 1562 cum
574 1497 715 1562 maxime
742 1496 908 1562 habebant
939 1496 1093 1565 barbari:
1124 1499 1157 1567 el

90 1606 122 1654 15
143 1588 234 1651 cuius
257 1590 467 1670 conspectum
485 1587 577 1652 uelut
595 1588 724 1651 ostento
744 1585 947 1651 consternati
966 1585 1011 1650 ad
1032 1588 1157 1655 deditic-
1196 1594 1199 1625 ³

142 1698 216 1740 nem
239 1675 487 1741 festinauerunt.
1128 1712 1133 1719 ·
1196 1688 1199 1751 ζ

208 1766 237 1830 6.
275 1764 505 1829 Hermocrates
533 1761 754 1848 Syracusanus
787 1762 946 1846 superatis
982 1767 1056 1830 acie
1091 1764 1156 1832 Oar-

141 1854 402 1937 thaginiensibus
431 1853 570 1935 ueritus,
597 1873 638 1916 ne
662 1852 798 1936 captiui,
826 1873 964 1936 quorum
993 1854 1155 1939 ingentem

142 1964 273 2006 manum
310 1943 349 2006 in·
380 1944 579 2027 potestatem
611 1940 796 2026 redegerat,
832 1962 947 2024 parum
986 1942 1156 2030 diligenter

89 2049 122 2098 20
143 2032 389 2115 custodirentur,
414 2029 534 2115 qui<a>
551 2034 685 2095 euentus
705 2029 923 2094 dimicationis
938 2029 974 2093 in
991 2034 1109 2116 epulas
1129 2034 1155 2096 et

143 2121 349 2184 securitatem
369 2120 561 2204 compellere
579 2119 720 2183 uictores
739 2121 877 2202 poterat,
896 2117 993 2182 finxit
1013 2123 1154 2205 proxima

141 2212 236 2273 nocte
256 2210 435 2293 equitatum
454 2207 608 2273 hostilem
629 2211 812 2272 uenturum:
832 2229 896 2291 qua
915 2212 1153 2291 exspectatione

143 2297 313 2361 adsecutus
338 2300 399 2379 est,
422 2301 459 2360 ut
483 2297 580 2361 solito
603 2297 758 2361 attentius
777 2296 910 2380 uigiliae
929 2304 1116 2380 agerentur.

211 2385 239 2450 7.
269 2385 372 2467 Idem,
398 2386 495 2449 rebus
518 2406 672 2469 prospere
696 2385 797 2470 gestis
826 2389 859 2449 et
884 2384 926 2451 ob
950 2385 981 2449 id
1008 2386 1154 2454 resolutis

89 2492 123 2540 25
143 2473 210 2538 suis
233 2473 268 2536 in
290 2473 425 2538 nimiam
445 2474 649 2539 securitatem
670 2494 848 2556 somnoque
867 2476 900 2538 et
917 2495 1010 2539 mero
1030 2476 1153 2560 pressis,

141 2562 177 2626 in
200 2566 309 2626 castre
328 2562 515 2646 (hostium)
534 2563 737 2648 transfugam
760 2561 864 2646 misit,
888 2560 944 2646 qui
966 2565 1153 2648 prohiberet

143 2649 243 2733 <eo>s
272 2673 292 2714 a
314 2651 405 2735 fuga:
438 2651 614 2736 dispositas
637 2652 723 2717 enim
746 2651 866 2736 ubique
894 2673 914 2715 a
942 2649 1153 2736 Syracusanis

214 2790 324 2859 3aylla
337 2791 372 2845 H
375 2791 423 2859 ΡΙ
449 2791 622 2845 6Armenus
644 2789 679 2844 11
699 2788 847 2844 Armenius
871 2790 917 2863 Pl
940 2795 973 2845 10
1000 2789 1154 2848 tolleratorl

142 2862 186 2918 Η1
202 2863 206 2933 Ι
225 2868 256 2916 11
276 2863 437 2917 uadendum
456 2863 491 2916 H
505 2859 667 2917 uaduadum
689 2861 717 2913 P
734 2860 873 2930 quendam
890 2863 910 2917 d
927 2861 1062 2918 Adduum
1090 2863 1153 2919 cot.

141 2936 202 2990 coll.
223 2934 288 2988 Veli.
307 2939 336 2999 2,
352 2935 429 3002 1021
456 2935 592 2989 excidium
611 2949 696 2985 unum
716 2938 780 2987 cate
798 2932 854 2986 ex?
873 2933 908 2999 ef.
924 2949 954 3002 p.
974 2937 1003 3000 8,
1022 2935 1083 3003 261
1104 2950 1153 2989 me
1197 2944 1199 2961 ¹

142 3004 263 3074 gistanis
281 3006 341 3060 edd.
360 3003 531 3074 megestanis
551 3003 616 3057 ΗΡ
630 3001 834 3072 megistanibus
856 3003 924 3058 Oad.
947 3006 950 3074 l
973 3009 1007 3057 12
1026 3004 1153 3061 ballistae

142 3077 177 3131 H
187 3076 294 3131 balista
305 3076 332 3129 P
347 3076 351 3144 Ι
369 3078 472 3129 latum
485 3076 581 3128 Ptum
592 3076 737 3130 cumeae„-
756 3076 791 3142 cs.
798 3091 828 3144 p.
843 3079 907 3142 105,
922 3079 962 3130 28
979 3080 982 3141 Ι
1001 3080 1035 3130 17
1051 3077 1153 3131 cartha-

142 3147 305 3216 ginensibus
322 3146 383 3200 GH
397 3144 615 3200 Atheniensibus
623 3144 681 3201 Sor.
698 3143 894 3200 Catinensibus
911 3145 1012 3200 Tana.-
1026 3148 1061 3213 cf.
1068 3146 1152 3219 praes.

141 3219 206 3288 §11
224 3222 227 3285 l
244 3224 278 3272 20
298 3217 450 3287 quiadqui
459 3217 524 3272 ΗΡ
535 3215 610 3284 quod
624 3217 683 3271 edd.
700 3217 704 3287 1
721 3221 753 3270 21
773 3218 906 3286 poterant
923 3216 958 3271 Η
971 3224 975 3276 t
991 3222 1026 3271 22
1047 3214 1156 3287 quaeH

143 3294 206 3342 cate
224 3305 279 3343 ras.
296 3291 301 3358 Ι
321 3294 355 3342 23
374 3291 406 3343 ut
425 3305 474 3343 om.
497 3287 574 3355 ΟΗΙ
595 3293 629 3342 26
647 3285 771 3342 hostium
791 3289 855 3343 add.
874 3287 945 3343 Ded.
966 3290 971 3356 Ι
996 3288 1155 3358 prohiberet

143 3375 190 3412 eos
214 3375 231 3413 a
253 3360 322 3428 fuga
344 3376 394 3414 oce
416 3361 593 3428 premoueret
616 3373 645 3412 se
663 3359 732 3428 fuga
755 3354 804 3413 Ηι
828 3353 1025 3428 praemoneret
1044 3376 1074 3416 ac
1092 3359 1154 3429 fuga

144 3429 184 3483 Oh
202 3434 396 3498 praemoneret
414 3447 443 3485 se
458 3431 526 3501 fuga
545 3430 655 3500 lapsum
674 3430 702 3483 P
718 3430 923 3499 praetendebat
946 3446 976 3483 se
993 3429 1065 3501 fuga
1082 3430 1175 3501 clap?

143 3516 205 3553 sum
223 3501 242 3555 ot
259 3504 454 3571 praemoneret
473 3501 594 3571 defuga
613 3501 747 3556 Hedicke:
773 3503 890 3568 fortasse
904 3502 992 3571 pluro
1014 3504 1155 3559 intercide·

141 3577 209 3627 ruat
225 3575 228 3641 Ι
245 3577 279 3627 27
299 3573 372 3627 enim
392 3572 427 3627 Η
442 3574 527 3627 etiam
542 3573 569 3626 P
