2400 3944
312 230 314 236 .
405 194 728 254 immemores.
850 222 857 232 -
1036 200 1077 266 91

63 414 66 418 .
129 362 161 429 5.
193 357 311 427 Cimon
338 357 402 424 dux
432 357 681 425 Atheniensium
711 362 745 426 in
776 359 876 428 (laria
905 362 1078 428 insidiatus

61 451 191 517 cuidam
224 448 350 514 ciuitati
381 447 571 532 religiosum
607 449 724 515 incolis
762 452 917 536 templum
951 449 1078 518 Dianae

61 543 243 623 lucumque,
267 536 323 622 qui
346 540 438 603 extra
460 559 570 603 muros
594 542 674 623 erat,
695 544 796 606 noctu
818 540 1005 624 inprouisus
1028 541 1078 607 in·

62 629 182 694 cendit:
211 627 385 711 effusisque
412 625 583 711 oppidanis
612 626 654 693 ad
682 651 777 713 opem
806 629 961 695 aduersus
984 630 1077 714 ignes

61 716 227 783 ferendam
250 737 387 781 uacuam
410 714 633 781 defensoribus
658 717 745 801 oepit
767 718 891 784 urbem.
1097 736 1114 784 o

128 808 159 872 6.
191 804 379 870 Alcibiades
412 803 476 869 dux
505 803 768 890 Atheniensium,
801 829 874 872 cum
909 806 1078 871 ciuitatem

60 894 353 980 Agrigentinorum
376 893 507 979 egregie
529 894 688 959 munitam
713 894 885 979 obsideret,
907 895 1012 978 potito
1036 895 1078 960 ab

61 985 106 1050 eis
129 983 268 1050 coneilio
292 982 347 1047 diu
369 985 539 1067 tamquam
562 981 601 1046 de
631 984 727 1048 rebus
752 984 792 1048 ad
816 1005 985 1058 commune
1008 1004 1079 1067 per-

10 1074 16 1081 “
59 1073 240 1139 timentibus
264 1070 417 1136 disseruit
444 1071 480 1135 in
507 1069 652 1156 theatro,
679 1073 735 1137 ubi
763 1095 803 1138 ex
826 1095 916 1139 moro
940 1071 1078 1138 Graeco·

27 1168 30 1173 '
60 1184 133 1227 rum
155 1163 246 1228 locus
270 1160 501 1227 consultationi
528 1160 759 1244 praebebatur:
788 1162 927 1246 dumque
951 1160 1077 1227 consilii
1098 1180 1131 1228 10

61 1251 169 1335 specie
198 1253 290 1315 tenet
317 1248 574 1333 multitudinem,
597 1249 833 1330 Athenienses,
865 1272 947 1336 quos
976 1249 1018 1314 ad
1044 1249 1078 1315 id

57 1341 325 1425 praeparauerat,
348 1337 582 1403 incustoditam
605 1339 718 1404 urbem
742 1342 903 1424 ceperunt.

128 1430 158 1493 7.
190 1425 436 1512 Epaminondas
469 1426 643 1492 Thebanus
677 1429 711 1493 in
739 1428 882 1494 Arcadia
910 1428 962 1492 die
991 1427 1077 1492 festo

58 1518 161 1583 effuse
184 1521 276 1582 extra
302 1515 431 1580 moenia
458 1517 657 1600 uagantibus
684 1516 830 1582 hostium
857 1517 988 1581 feminis
1011 1517 1077 1599 plc-

57 1627 178 1691 rosque
211 1626 251 1670 ex
283 1604 443 1670 militibus
471 1605 538 1669 suis
565 1605 718 1670 muliebri
747 1609 865 1671 ornatu
896 1604 1077 1669 inmiscuit:
1098 1622 1131 1670 15

57 1717 124 1780 qua
148 1694 357 1759 simulatione
384 1692 433 1758 illi
460 1694 549 1758 intra
575 1698 687 1778 portas
717 1695 777 1758 sub
801 1696 931 1759 noctem
954 1693 1078 1775 recepti

57 1786 217 1867 ceperunt
239 1781 395 1867 oppidum
419 1786 452 1847 et
476 1782 542 1847 suis
567 1786 773 1867 aperuerunt.

128 1872 157 1938 8.
184 1871 374 1956 Aristippus
404 1869 681 1937 Lacedaemonius
713 1872 797 1936 festo
831 1870 882 1936 die
919 1871 1077 1955 Tegeata-

56 1983 142 2044 rum,
166 1981 230 2045 quo
258 1960 363 2026 omnis
391 1959 568 2025 multitudo
593 1959 633 2024 ad
657 1959 886 2025 celebrandum
909 1959 1076 2025 Mineruae

57 2072 189 2116 sacrum
217 2048 296 2114 urbe
325 2069 457 2135 egressa
485 2054 569 2132 erat,
596 2049 743 2113 iumenta
771 2048 872 2113 saccis
900 2048 1077 2114 frumenta·
1095 2064 1130 2114 20

55 2139 116 2205 riis
140 2139 236 2223 palea
259 2138 386 2204 refertis
411 2141 529 2204 onusta
553 2138 694 2223 Tegeam
718 2136 817 2216 misit,
842 2138 1013 2222 agentibus
1038 2158 1077 2201 ea

56 2228 236 2311 militibus,
264 2229 319 2313 qui
340 2228 585 2312 negotiatorum
609 2227 714 2311 specie
738 2227 940 2292 inobseruati
962 2229 1074 2312 portas

58 2319 258 2401 aperuerunt
281 2317 358 2384 suis.

127 2405 157 2470 9.
185 2404 367 2472 Antiochus
394 2405 430 2470 in
459 2403 667 2489 Cappadocia
698 2427 738 2469 ex
772 2404 907 2471 castello
940 2402 1077 2488 Suenda,

57 2494 145 2580 quod
173 2493 356 2580 obsidebat,
383 2495 527 2559 iumenta
555 2494 788 2559 frumentatum
816 2513 948 2578 egressa
978 2494 1076 2558 inter·
1095 2510 1129 2559 25

57 2583 147 2669 cepit
180 2583 358 2670 occisisque
386 2583 569 2665 calonibus,
597 2583 773 2648 eorundem
802 2583 923 2648 uestitu
954 2582 1075 2647 milites

57 2694 136 2738 suos
159 2675 327 2757 tamquam
350 2673 550 2736 frumentum
573 2674 778 2755 reportantes
803 2670 980 2736 summisit:
1012 2692 1076 2757 quo

57 2783 168 2828 errore
195 2762 245 2826 illi
275 2760 463 2827 custodibus
496 2760 638 2844 deceptis
670 2760 841 2826 castellum
871 2760 1077 2824 intrauerunt

57 2850 326 2936 admiseruntque
349 2851 469 2916 milites
493 2848 658 2915 Antiochi.

128 2940 179 3004 10.
208 2938 370 3023 Thebani,
403 2960 476 3004 cum
503 2941 635 3024 portum
664 2935 892 3021 Sicyoniorum
919 2935 1012 3000 nulla
1042 2937 1076 3000 ui
1095 2953 1128 3002 30

56 3028 206 3115 redigere
223 3028 257 3093 in
275 3031 472 3114 potestatem
491 3050 584 3094 suam
602 3030 746 3113 possent,
767 3046 885 3091 nauem
908 3024 1075 3109 ingentem

132 3220 313 3278 oferendum
332 3221 366 3275 H
387 3222 391 3291 Ι
422 3220 605 3275 'lobscderct
626 3218 652 3274 G
677 3223 681 3288 Ι
711 3219 863 3275 8consilio
883 3218 949 3274 GH
952 3218 987 3284 P,
1005 3232 1075 3273 corr.

57 3296 140 3361 cdd}
158 3299 191 3348 10
209 3292 377 3364 praebeatur
394 3291 440 3346 H¹
460 3294 512 3361 111
534 3290 655 3361 speciem
677 3289 873 3361 (afflinem.
893 3290 1076 3359 H¹114ua

57 3365 189 3422 cantibus
211 3363 237 3418 G
261 3367 266 3428 1
298 3369 330 3418 17
354 3363 591 3433 apparueruntH
616 3361 620 3432 Ι
646 3368 680 3416 21
703 3360 849 3430 paleae&
878 3365 883 3430 Ι
909 3361 1031 3416 honesta
1050 3358 1077 3413 θ

58 3435 211 3492 onestafl¹
228 3438 233 3496 Ι
249 3436 433 3504 reapperun:
447 3435 481 3489 H
493 3439 556 3489 aab
574 3449 644 3490 corr.
665 3435 670 3503 Ι
686 3439 720 3487 24
739 3432 912 3502 cappodocia
932 3431 959 3486 G
974 3434 978 3499 1
995 3448 1076 3486 suen-

58 3509 96 3563 da
115 3507 181 3563 GH
184 3507 213 3561 P
230 3505 343 3561 Soanda
362 3505 454 3576 cua!
479 3510 513 3560 25
532 3502 720 3575 quodsidebat
737 3503 772 3558 H
774 3504 782 3535 ¹
798 3506 802 3572 Ι
822 3508 856 3560 2⁷
875 3503 1076 3558 frumentatum

57 3578 230 3649 reportantis
251 3575 277 3631 G
293 3575 298 3648 Ι
314 3583 349 3632 30
366 3577 510 3646 portatum
529 3577 555 3631 G
570 3577 575 3646 1
591 3575 779 3645 sycioniorum
794 3576 830 3631 H
