2400 3944
399 185 510 241 LIBER
528 186 575 242 IV.
603 183 680 242 CAP.
702 192 725 241 1.
1011 183 1072 249 121

57 351 132 416 loco
161 347 311 436 fugitiuis
339 354 495 434 cesserat,
523 350 630 415 cinctu
657 353 755 433 togae
782 350 943 434 praeciso,
968 347 1075 413 soluta

58 439 189 524 tunica,
211 438 307 502 nudis
330 439 465 523 pedibus
489 439 524 503 in
546 437 714 522 principiis
738 438 855 504 cotidie
879 443 975 516 stare,
999 437 1074 501 dum

56 527 177 614 uigiles
200 528 363 613 uenirent,
390 527 500 613 iussit,
526 528 683 592 conuiuiis
707 529 740 591 et
763 528 879 594 balneo
904 527 1074 592 abstinere.

128 618 182 684 27.
215 614 307 682 Sulla
329 616 496 682 cohortem
516 621 548 681 et
567 616 780 699 centuriones,
804 638 941 700 quorum
965 615 1075 680 statio·

56 728 135 772 nem
156 705 261 771 hostis
284 711 482 790 perruperat,
505 705 653 790 galeatos
678 711 711 771 et
733 705 908 771 discinctos
931 708 1111 789 perstaret

59 797 97 861 in
118 795 290 880 principiis
313 795 418 860 iussit.

128 885 180 950 28.
212 883 376 949 Domitius
405 882 548 949 Corbulo
575 883 609 946 in
636 882 792 947 Armenia
819 881 961 947 Aemilio
990 879 1075 945 Rufo

58 973 226 1059 praefecto
257 974 418 1057 equitum,
450 972 527 1056 quia
554 971 704 1036 hostibus
733 975 874 1035 cesserat
902 975 935 1033 et
961 991 1076 1053 parum

59 1064 254 1127 instructam
278 1062 377 1126 armis
401 1061 488 1126 alam
511 1060 664 1144 habebat,
686 1060 882 1124 uestimenta
903 1080 962 1142 per
986 1058 1078 1123 licto·

59 1172 132 1216 rem
155 1149 251 1215 scidit
274 1150 441 1234 eidemque
468 1153 506 1213 ut
534 1153 605 1213 erat
632 1149 764 1213 foedato
793 1147 909 1211 habitu
932 1153 1076 1231 perstare
1097 1164 1130 1213 10

59 1241 96 1304 in
119 1238 295 1324 principiis,
318 1238 420 1304 donec
441 1239 659 1320 mitterentur,
682 1237 864 1320 imperauit.

129 1328 182 1394 29.
215 1327 336 1391 Atilius
359 1328 512 1412 Regulus,
536 1348 609 1391 cum
632 1348 671 1391 ex
696 1323 827 1392 Samnio
851 1326 886 1390 in
909 1325 1079 1390 Luceriam

60 1416 345 1501 transgrederetur
363 1417 585 1500 exercitusque
605 1416 674 1480 eius
694 1411 800 1481 obuii's
818 1415 969 1480 hostibus
989 1436 1079 1478 auer·
1146 1487 1148 1490 ¹

61 1528 119 1571 sus
142 1511 237 1586 esset,
260 1506 411 1589 opposita
428 1504 562 1570 cohorte
585 1505 681 1569 iussit
703 1505 866 1590 fugientes
889 1526 950 1588 pro
974 1503 1079 1567 deser·

61 1595 190 1660 toribus
214 1594 315 1658 caedi.
1100 1606 1133 1656 lo

42 1694 47 1702 '
131 1683 184 1748 30.
217 1681 317 1748 Cotta
340 1682 453 1747 consul
477 1683 512 1746 in
535 1680 646 1748 Sicilia
672 1682 707 1746 in
729 1680 909 1763 Valerium,
938 1680 1080 1744 nobilem

63 1772 232 1837 tribunum
248 1772 387 1836 militum
401 1793 440 1835 ex
454 1773 550 1855 gente
561 1770 702 1850 Valeria,
720 1770 825 1852 uirgis
840 1768 1080 1833 animaduertit.

132 1861 183 1925 31.
210 1860 301 1924 Idem
316 1859 350 1924 P.
365 1861 534 1927 Aurelium
553 1859 711 1943 sanguine
729 1859 793 1923 sibi
806 1859 960 1940 iunctum,
985 1879 1080 1941 quem

64 1948 227 2014 obsidioni
246 1949 452 2032 Lipararum,
475 1949 544 2032 ipse
569 1948 610 2012 ad
633 1947 778 2033 auspicia
800 1948 976 2030 repetenda
996 1947 1080 2011 Mes·

64 2059 178 2102 sanam
197 2039 403 2119 transiturus,
425 2037 634 2121 praefecerat,
657 2059 730 2101 cum
750 2055 851 2120 agger
873 2036 1023 2099 incensus
1047 2038 1080 2098 et
1098 2049 1133 2100 20

64 2131 163 2211 capta
185 2130 293 2192 castra
320 2130 441 2203 essent,
468 2127 571 2210 uirgis
599 2147 730 2190 caesum
759 2124 985 2188 innumerum
1010 2145 1080 2209 gre-

65 2216 191 2302 galium
214 2215 359 2299 peditum
382 2215 498 2279 referri
521 2220 554 2279 et
577 2215 765 2279 muneribus
788 2214 882 2295 fungi
904 2212 1009 2278 iussit.

132 2305 186 2371 32.
216 2303 351 2369 Fuluius
365 2302 501 2369 Flaccus
520 2323 634 2368 censor
647 2302 800 2369 Fuluium
819 2301 954 2366 fratrem
977 2323 1081 2383 suum,

65 2394 142 2478 quia
163 2393 342 2479 legionem,
365 2394 400 2456 in
423 2415 487 2477 qua
509 2392 661 2457 tribunus
684 2391 825 2457 militum
849 2395 931 2473 erat,
954 2390 1080 2455 iniussu

64 2482 207 2547 consulis
230 2482 411 2563 dimiserat,
434 2484 549 2546 senatu
572 2481 685 2546 mouit.
1099 2492 1133 2542 25

133 2571 185 2636 33.
216 2569 261 2636 M.
280 2568 362 2635 Cato
386 2570 427 2634 ab
450 2569 566 2635 hostili
586 2570 695 2653 litore,
722 2569 757 2633 in
787 2589 851 2654 quo
874 2590 932 2653 per
956 2569 1081 2652 aliquot

66 2658 135 2725 dies
158 2663 335 2743 manserat,
363 2681 435 2723 cum
463 2658 611 2723 tardato
640 2657 852 2742 profectionis
882 2657 975 2741 signo
999 2656 1081 2721 clas·

65 2770 135 2814 sem
163 2747 316 2814 uoluisset
343 2754 376 2812 et
403 2748 534 2812 relictus
563 2768 580 2811 e
608 2747 767 2811 militibus
797 2744 926 2829 quidam
951 2767 970 2810 a
993 2749 1082 2810 terra

64 2858 145 2903 uoce
169 2840 202 2902 et
225 2840 319 2921 gestu
343 2838 580 2920 expostularet,
606 2837 655 2900 uti
678 2835 859 2916 tolleretur,
888 2834 1082 2899 circumacta

64 2925 105 2990 ad
125 2925 202 2991 litus
217 2924 370 2990 uniuersa
383 2927 497 3010 classe,
519 2925 788 3010 comprehensum
807 2923 967 3006 supplicio
987 2921 1081 2987 adfici
1100 2936 1135 2986 30

139 3071 153 3119 1
173 3064 267 3119 cinctu
285 3066 305 3120 d
323 3065 415 3120 cincto
430 3064 496 3120 GH
498 3065 527 3118 P
541 3065 546 3137 Ι
565 3064 706 3135 praesciso
723 3063 769 3133 ΡΙ
790 3068 806 3118 2
826 3064 900 3118 stare
918 3063 950 3117 ia
968 3061 1055 3116 raab
1076 3061 1079 3133 Ι

64 3143 81 3192 8
101 3134 298 3205 conuiuiisque
312 3136 386 3192 edd„-
405 3154 444 3191 aa
457 3139 486 3191 et
500 3134 659 3191 conuiuiis?
675 3138 679 3204 Ι
696 3135 803 3191 conniis
817 3132 896 3189 (ΙΗ1
912 3136 917 3201 Ι
937 3138 955 3186 4
974 3130 1082 3186 Sullam

63 3207 100 3264 Η
113 3210 118 3276 Ι
135 3205 273 3262 stationes
287 3208 307 3262 d
322 3209 326 3274 Ι
343 3212 359 3262 6
374 3206 515 3278 galeatos]
530 3207 714 3262 discalceatos
727 3205 804 3262 Stew.
818 3205 980 3274 ergaleatos
995 3203 1080 3260 Terra.

64 3277 164 3350 gladio
183 3279 282 3334 stricto
301 3277 370 3334 Oud.
386 3280 444 3333 coll.
459 3279 637 3346 Iao.27,13
654 3278 658 3348 Ι
679 3282 695 3330 8
715 3278 764 3345 qui
782 3275 818 3332 ab
834 3278 881 3347 ΡΙ
899 3281 932 3331 10
950 3274 1081 3343 idemque

65 3350 133 3406 GH
145 3354 150 3419 Ι
168 3356 200 3404 13
215 3351 363 3405 auersusd
381 3349 514 3404 aduersus
528 3349 667 3419 ΟθΗΡΙ
685 3354 717 3402 19
736 3347 943 3417 lispararumG
959 3346 1081 3416 lippara·

64 3438 129 3477 rum
149 3422 196 3492 ΡΙ
219 3421 282 3492 ipse
296 3451 330 3461 -
344 3420 498 3490 repetenda
516 3436 566 3476 om.
581 3421 614 3474 Η
619 3419 628 3450 ¹
645 3418 650 3490 Ι
673 3434 792 3472 messam
807 3418 833 3474 G
851 3434 1010 3473 messanam
1024 3417 1059 3472 H
1076 3417 1079 3488 Ι

65 3499 101 3549 23
122 3493 231 3564 censor]
257 3495 332 3548 coris.
354 3493 400 3562 ΡΙ
425 3496 461 3546 24
478 3491 594 3559 inquam
613 3490 648 3544 H
651 3491 679 3544 P
693 3490 697 3557 Ι
719 3488 856 3544 iniussum
877 3488 943 3544 GH
956 3489 960 3558 Ι
985 3494 1019 3543 27
1037 3489 1082 3542 tar

65 3565 173 3620 dated
196 3562 310 3620 tardato
330 3562 394 3618 GH
398 3563 427 3616 P
