2400 3944
445 651 547 724 rsnr
573 648 809 724 snonrrnr

263 840 995 945 STRATEGEMATON

445 1060 568 1120 LIBER
590 1058 808 1120 SECUNDUS.
867 1106 874 1117 .

186 1249 364 1334 Dispositis
397 1250 503 1334 primo
536 1249 621 1315 libro
654 1248 812 1333 exemplis
842 1249 1074 1334 instrueturis,
1106 1253 1140 1316 ut

84 1356 101 1406 5
120 1361 193 1405 mee
210 1338 277 1403 fert
295 1338 415 1423 opinio,
431 1337 545 1403 dueem
563 1338 598 1402 in
616 1338 677 1423 his,
691 1360 774 1423 quae
793 1340 868 1402 ente
882 1336 1140 1422 <00m>missun

119 1427 280 1513 proelium
304 1427 431 1511 agenda
454 1430 543 1511 sunt,
571 1426 722 1511 deinceps
745 1426 916 1499 reddemus
939 1427 1141 1510 pertinentia

120 1517 161 1582 ed
185 1538 235 1600 ee,
263 1536 345 1599 quae
369 1516 499 1599 inipso
522 1515 645 1600 proelio
671 1515 724 1600 agi
748 1516 869 1597 solent,
896 1517 930 1579 et
952 1514 1070 1582 deinde
1095 1538 1140 1601 ea,

121 1627 204 1691 quae
227 1609 303 1689 post
324 1605 494 1689 proelium.

185 1695 324 1772 Eorum,
348 1715 429 1779 quae
454 1693 494 1759 ed
516 1693 678 1778 proelium
701 1693 880 1777 pertinent,
904 1691 1027 1775 speeies
1048 1698 1140 1760 sunt:

68 1797 102 1848 10
248 1783 273 1847 I.
296 1783 345 1848 De
369 1788 517 1867 tempore
541 1783 581 1847 ad
604 1802 750 1866 pugnem
773 1779 929 1866 eligenda

230 1871 272 1938 ΙΙ.
295 1871 344 1936 De
366 1873 439 1937 loco
464 1871 503 1936 ad
526 1890 671 1955 pugnam
695 1869 853 1956 eligendo.

212 1959 271 2025 ΠΙ.
294 1960 343 2025 De
367 1961 435 2026 eeie
459 1959 647 2026 ordInende.

194 2047 271 2113 IIII.
294 2047 344 2113 De
367 2049 435 2114 acie
458 2048 603 2114 hostium
626 2046 796 2113 turbanda.

233 2136 272 2200 V.
296 2136 345 2200 De
368 2135 503 2201 insidiis.

69 2240 102 2292 15
216 2222 272 2290 VI.
296 2223 345 2288 De
369 2222 546 2288 emittendo
568 2224 676 2305 hoste,
698 2246 739 2288 ne
761 2225 889 2289 clausus
913 2225 1077 2308 proelium
1102 2247 1141 2291 ex

334 2311 558 2395 desperatione
581 2311 791 2398 redintegret.

200 2399 273 2465 VII.
296 2399 344 2466 De
368 2399 611 2465 dissimulandis
635 2400 790 2467 aduersis.

182 2488 273 2554 VIII.
297 2490 345 2555 De
369 2490 570 2555 restituenda
592 2511 651 2575 per
674 2490 892 2556 constantiam
916 2490 995 2555 eeie.

185 2577 308 2643 Eorum
338 2578 465 2663 deinde,
493 2600 576 2663 quae
604 2581 679 2663 post
706 2579 868 2663 proelium
897 2578 1024 2664 agenda
1052 2585 1143 2666 sunt,

69 2684 103 2733 2ο
120 2666 180 2732 has
205 2689 274 2732 esse
297 2669 420 2752 speeies
444 2668 713 2733 existimauerim:

164 2755 273 2822 VIIII.
297 2754 332 2821 si
358 2778 410 2822 res
439 2778 593 2841 prospere
626 2756 772 2839 cesserit,
805 2755 844 2821 de
874 2757 1142 2822 consummandis

332 2845 479 2930 reliquiis
501 2844 588 2910 belli.

192 3008 207 3056 1
228 3001 334 3057 SEXTI
348 3001 437 3056 IULII
450 3000 629 3056 ERONTINI
643 2999 969 3056 STRATEGEMATON
982 2998 1097 3056 LIBER
1111 3000 1141 3057 ,1.

119 3072 290 3127 EXPLICIT
310 3114 316 3127 .
336 3071 473 3126 INCIPIT
503 3070 664 3127 EIUSDEM
690 3070 799 3126 LIBER
815 3070 865 3127 ..11.
888 3070 1083 3127 FELICITER
1106 3072 1143 3141 P,

119 3145 232 3199 titulum
256 3159 307 3198 om.
327 3143 402 3212 effi
430 3144 465 3210 ef.
482 3143 572 3212 praef.
591 3142 650 3214 §8
675 3144 680 3212 Ι
705 3148 721 3197 5
742 3142 924 3198 commissum
943 3143 1002 3198 edd.
1031 3142 1143 3199 iussum

120 3213 216 3268 GHP
239 3213 345 3268 iustum
363 3215 407 3269 eet
425 3214 519 3284 ipsum
537 3215 557 3269 d
584 3211 686 3270 initum
705 3214 765 3271 Ser.
783 3217 787 3284 Ι
814 3221 830 3270 6
848 3213 1002 3284 pertinetit
1021 3212 1056 3267 Η
1074 3215 1079 3284 Ι
1107 3219 1141 3268 10

119 3285 204 3340 indere
217 3284 361 3340 titulorum
369 3287 459 3351 (10-
463 3302 493 3354 p.
510 3287 555 3352 39,
565 3288 594 3352 5)
611 3287 682 3342 deest
695 3285 765 3342 r'reC
780 3288 785 3357 1
801 3283 986 3355 eligendoH¹
1002 3285 1007 3354 Ι
1025 3288 1058 3340 1⁶
1074 3285 1143 3340 mit-

119 3354 205 3410 tendo
224 3355 260 3409 H
281 3359 345 3410 ante
368 3371 437 3411 corr.
463 3356 468 3425 Ι
498 3361 533 3410 20
552 3356 777 3412 existimauerint
794 3357 829 3411 H
851 3359 855 3425 Ι
884 3362 917 3411 21
944 3354 1064 3425 gesserit
1084 3356 1140 3429 Hi

119 3431 154 3482 22
173 3424 289 3495 reliquis
308 3426 352 3492 H,
369 3427 477 3496 e'temp.
493 3430 589 3494 7219
610 3430 614 3498 1
632 3433 696 3498 pest
714 3427 784 3482 belli
801 3428 949 3497 seripserat
966 3426 1012 3482 H:
1030 3426 1142 3483 Dereti-

120 3496 233 3564 nendis,
252 3497 326 3568 qued
343 3501 434 3552 temen
452 3498 553 3554 deterret
571 3500 663 3555 eadem
680 3514 781 3554 emere
