2400 3944
140 188 183 255 86
345 186 420 242 IULI
437 185 616 242 PRONTINI
636 183 962 243 transmissuros

140 352 208 418 aeie
235 350 301 415 fusi
325 353 446 435 essent,
475 353 697 435 spargeretur,
724 371 788 435 quo
811 348 942 415 lucilius
966 349 1148 438 conligendi

138 440 260 526 praeda
283 439 412 504 hostem
436 438 617 524 inpeditum
640 438 826 523 effugerent

207 530 237 596 2.
260 527 416 612 Tryphon
431 525 543 612 Syriae
557 549 614 592 rex
627 527 734 593 uictus
747 549 807 613 per
821 529 930 593 totum
947 528 1017 594 iter
1034 528 1150 615 fugiens

139 617 309 703 pecuniam
342 617 464 701 sparsit
491 619 524 681 et
551 616 705 682 sectanda
732 616 816 701 e<a>
843 616 1005 683 Antiochi
1039 619 1152 704 equites

103 710 283 773 smoratus
307 707 429 791 effugit.

206 796 235 861 3.
265 795 300 873 Q.
326 793 501 877 Sertorius,
528 794 643 878 pulsus
666 794 734 860 asie
758 816 778 859 a
801 792 838 870 Q.
859 794 996 861 Metello
1022 794 1099 881 Pio,
1119 817 1153 863 ne

138 884 251 970 fugam
279 884 409 970 quidem
436 883 500 948 sibi
522 886 630 950 tutam
652 883 844 968 arbitratus,
871 883 964 949 abire
994 883 1153 979 dispersos
1194 910 1196 945 ;

138 975 260 1041 milites
289 974 397 1058 iussit,
425 972 610 1039 admonitos
638 973 672 1037 in
701 993 797 1057 quem
824 972 934 1038 losum
958 973 1068 1040 uellet
1090 996 1154 1043 eon·

138 1084 258 1128 uenire.

86 1169 119 1218 10
204 1153 235 1217 4.
265 1149 435 1215 Viriathus
464 1151 527 1215 dux
555 1149 788 1216 Lusitanorum
814 1150 924 1234 copias
957 1155 1097 1218 nostras
1117 1153 1154 1218 lo

139 1261 313 1323 corumque
337 1239 545 1324 iniquitatem
568 1239 674 1304 euasit
696 1238 809 1303 eadem
833 1259 897 1325 qua
919 1236 1091 1307 Sertorius
1111 1263 1154 1306 ra

138 1329 241 1412 tione,
265 1349 379 1411 sparso
404 1328 560 1409 exercitu,
585 1327 658 1392 dein
682 1328 873 1393 reoonleoto.

205 1415 235 1482 5.
263 1415 421 1481 Horatius
445 1414 573 1499 Ooeles,
601 1420 762 1501 urguente
790 1415 976 1482 Porsennae
1007 1420 1153 1503 exercitu,

138 1504 235 1570 iussit
263 1526 338 1570 suos
361 1526 420 1588 per
442 1507 584 1589 pontem.
599 1504 706 1570 redire
733 1506 769 1570 in
795 1505 909 1570 urbem
936 1525 1096 1594 eumque,
1120 1527 1154 1573 ne

85 1611 118 1660 15
138 1616 194 1660 eos
217 1595 442 1679 insequeretur
469 1593 588 1678 hostis,
615 1594 816 1661 intercidere.
848 1593 934 1679 quod
958 1595 1041 1662 dnm
1065 1596 1153 1663 effiei·

136 1688 204 1768 tur,
226 1684 261 1747 in
285 1684 391 1767 eapite
414 1685 482 1748 eius
506 1687 731 1768 propugnator
752 1683 824 1766 ipse
846 1683 1062 1767 insequentes
1080 1686 1153 1753 deti·

136 1773 222 1838 nuit:
255 1772 365 1837 audito
385 1771 500 1837 deinde
523 1771 654 1857 fragore
677 1771 786 1857 pontis
810 1771 956 1856 abrupti,
980 1773 1103 1842 deiecit
1123 1795 1152 1839 ss

136 1862 172 1925 in
199 1861 329 1926 alueum
363 1881 499 1946 eumque
527 1860 563 1924 in
592 1861 691 1926 armis
721 1865 755 1927 et
781 1860 970 1927 uulneribus
1001 1869 1151 1931 oneratus

137 1951 291 2016 tranauit.

83 2054 118 2104 20
204 2040 234 2104 6.
258 2038 414 2103 Afranius
433 2037 469 2102 in
486 2035 647 2121 Hispania
666 2037 707 2103 ad
725 2037 875 2123 Ilerdam,
894 2060 968 2103 eum
983 2036 1152 2108 Caesarem

136 2127 277 2212 fugeret,
304 2127 448 2192 instante
472 2147 509 2191 eo
533 2130 642 2191 eastra
669 2128 793 2211 posuit:
821 2149 894 2192 eum
922 2127 1011 2192 idem
1035 2129 1152 2198 Caesar

137 2216 268 2281 fecisset
290 2220 323 2279 et
345 2215 537 2300 pabulatum
561 2237 637 2280 suos
657 2214 846 2301 dimisisset,
869 2216 926 2283 ille
950 2217 1086 2302 signum
1107 2240 1152 2285 re·

136 2307 234 2386 pente
257 2304 370 2368 itineri
394 2302 490 2367 dedit.

205 2393 232 2456 7.
266 2390 443 2474 Antonius,
474 2412 546 2458 oum
576 2414 614 2459 ex
641 2392 774 2458 Parthis
802 2393 1003 2459 instantibus
1037 2397 1151 2483 reeipe·

83 2499 117 2548 re
137 2483 187 2545 ret
214 2481 390 2546 exereitum
413 2484 459 2559 et,
488 2482 636 2566 quotiens
669 2482 776 2567 prima
805 2483 877 2548 luee
909 2489 1078 2570 moueret,
1108 2490 1152 2551 to

137 2569 222 2634 tiens
246 2569 462 2652 urguentibus
481 2570 696 2637 barbarorum
716 2571 846 2657 sagittis
869 2570 1085 2642 infestaretur
1102 2575 1151 2640 ab·

209 2789 223 2838 1
242 2785 420 2852 spargeretur
437 2783 457 2838 d
479 2784 625 2851 pateretur
642 2781 688 2837 Η1
710 2783 873 2852 parceretur
890 2782 959 2851 tPl
985 2789 1001 2838 3
1022 2784 1153 2857 Thrypon

137 2853 299 2922 OThryfon
313 2853 348 2909 H
363 2852 489 2923 Triphen
506 2853 535 2908 P
557 2855 562 2923 Ι
591 2854 665 2908 inter
683 2853 719 2908 Η
733 2859 797 2909 ante
814 2870 869 2909 ras.
900 2855 904 2924 Ι
933 2859 952 2908 4
975 2855 1004 2910 et
1022 2857 1154 2913 seetanda

136 2943 170 2980 ea
187 2941 237 2981 uos
256 2926 282 2981 ei
302 2925 452 2982 sectandae
471 2923 560 2992 (diae
578 2924 635 2992 H1)
654 2924 722 2979 ΗΡ
743 2940 832 2995 eaque
851 2925 991 2981 sectantes
1008 2929 1071 2985 edd.
1089 2930 1094 2999 Ι
1110 2946 1154 2985 an·

135 2996 244 3052 thioehi
259 2997 293 3051 Η
306 3001 310 3066 Ι
327 3002 343 3051 5
361 2997 486 3052 moratus
499 2996 541 3064 H,
558 2997 606 3051 sed
623 2997 702 3051 ratus
720 2997 752 3051 a'a
768 3013 825 3052 ros.
843 2997 862 3051 h
878 2998 1003 3052 moratos
1017 3000 1040 3055 d
1055 3003 1061 3068 1
1077 3001 1103 3056 ei
1122 3016 1154 3055 ns

136 3069 286 3124 sectandae
300 3068 333 3123 A.
349 3085 373 3124 e.
390 3068 545 3123 inmoratos
562 3066 632 3122 Osd.
649 3071 654 3136 Ι
671 3074 687 3123 6
701 3084 719 3122 a
737 3067 835 3137 quinto
854 3066 890 3122 H
893 3068 939 3137 ΡΙ
956 3074 972 3124 ‘1
990 3071 1086 3126 tetam

138 3145 171 3195 10
179 3138 306 3195 Viriatus
320 3139 366 3206 ΡΙ
383 3138 567 3194 lusitanorum
580 3138 620 3204 H,
638 3139 685 3194 sed
702 3140 754 3193 tan
771 3139 803 3194 in
820 3155 877 3194 rus.
890 3139 909 3193 h
924 3144 928 3207 Ι
946 3144 978 3194 12
998 3140 1135 3199 deinded

137 3217 170 3264 13
189 3209 337 3265 Hortarius
357 3210 399 3265 ΗἸ
417 3212 421 3280 Ι
452 3216 485 3264 14
504 3225 622 3279 eumque
641 3226 680 3265 aa
698 3226 818 3278 eumque
836 3211 868 3264 a'n
884 3211 920 3266 H
929 3212 975 3278 sit,
993 3212 1130 3270 incertum

137 3285 171 3333 15
190 3296 238 3334 eos
256 3280 450 3350 insequeretur
461 3280 531 3336 Oed.
546 3298 614 3337 casu
633 3284 795 3351 sequeretur
808 3281 876 3337 ΗΡ
893 3297 926 3336 ea
939 3282 1155 3354 subsequeretur

135 3350 267 3422 Lipsiasl
293 3352 331 3406 du
349 3353 389 3420 H,
407 3354 486 3408 aedui
504 3355 536 3408 iss
553 3371 609 3410 ros.
627 3355 665 3423 hl
688 3358 721 3408 18
740 3353 833 3409 niuem
851 3352 897 3408 H¹
917 3354 921 3425 Ι
946 3354 976 3407 et
993 3354 1030 3409 H
1044 3357 1095 3412 sed
1109 3355 1159 3427 Pl·

135 3437 192 3476 nen
211 3421 296 3476 armis
316 3424 365 3478 sed
384 3423 462 3480 Stew.
482 3427 511 3479 et
529 3425 614 3480 armis
633 3426 663 3481 et
682 3426 761 3481 Mod.
786 3426 792 3494 Ι
816 3431 851 3480 20
874 3423 1012 3480 hilerdam
1033 3427 1064 3481 P
1091 3430 1096 3498 Ι
1121 3432 1152 3482 11

134 3493 253 3561 possunt
274 3493 310 3548 H
325 3500 388 3549 arete
410 3511 465 3551 res.
487 3498 491 3565 Ι
517 3501 551 3550 14
574 3495 684 3552 Parthis
707 3512 757 3551 nos
774 3499 856 3563 parte
875 3494 936 3551 sine
956 3495 1025 3551 ΗΡ
1041 3498 1153 3555 Parthis

135 3562 189 3619 sibi
207 3564 265 3620 edd.
283 3567 287 3632 Ι
312 3570 347 3621 26
366 3564 515 3621 barbarum
529 3566 565 3620 H
566 3566 575 3598 ¹
