<?xml version="1.0" encoding="UTF-8"?>
<!DOCTYPE html PUBLIC "-//W3C//DTD XHTML 1.0 Transitional//EN"
    "http://www.w3.org/TR/xhtml1/DTD/xhtml1-transitional.dtd">
<html xmlns="http://www.w3.org/1999/xhtml" xml:lang="en" lang="en">
 <head>
  <title>
</title>
<meta http-equiv="Content-Type" content="text/html;charset=utf-8" />
  <meta name='ocr-system' content='tesseract 3.04.00' />
  <meta name='ocr-capabilities' content='ocr_page ocr_carea ocr_par ocr_line ocrx_word'/>
</head>
<body>
  <div class='ocr_page' id='page_1' title='image "./ivlifrontinistr00gundgoog_0068.png"; bbox 0 0 2400 3944; ppageno 0'>
   <div class='ocr_carea' id='block_1_1' title="bbox 266 208 736 265">
    <p class='ocr_par' dir='ltr' id='par_1_1' title="bbox 266 208 736 265">
     <span class='ocr_line' id='line_1_1' title="bbox 266 208 736 265; baseline -0.006 0"><span class='ocrx_word' id='word_1_1' title='bbox 266 237 271 244; x_wconf 96' lang='lat'><em>·</em></span> <span class='ocrx_word' id='word_1_2' title='bbox 371 209 481 265; x_wconf 79' lang='lat' dir='ltr'>LIBER</span> <span class='ocrx_word' id='word_1_3' title='bbox 498 211 532 264; x_wconf 86' lang='grc' dir='ltr'>ΙΙ.</span> <span class='ocrx_word' id='word_1_4' title='bbox 557 208 639 265; x_wconf 72' lang='grc' dir='ltr'>’οΑΡ.</span> <span class='ocrx_word' id='word_1_5' title='bbox 660 215 736 264; x_wconf 81' lang='lat'>1-2,</span> 
     </span>
    </p>
   </div>
   <div class='ocr_carea' id='block_1_2' title="bbox 217 420 897 479">
    <p class='ocr_par' dir='ltr' id='par_1_2' title="bbox 217 420 897 479">
     <span class='ocr_line' id='line_1_2' title="bbox 217 420 897 479; baseline 0.004 -4"><span class='ocrx_word' id='word_1_6' title='bbox 217 422 252 478; x_wconf 86' lang='lat' dir='ltr'>II.</span> <span class='ocrx_word' id='word_1_7' title='bbox 279 420 328 476; x_wconf 80' lang='lat' dir='ltr'>Du</span> <span class='ocrx_word' id='word_1_8' title='bbox 347 420 440 477; x_wconf 82' lang='lat' dir='ltr'>LOCO</span> <span class='ocrx_word' id='word_1_9' title='bbox 459 422 509 476; x_wconf 87' lang='lat' dir='ltr'>AD</span> <span class='ocrx_word' id='word_1_10' title='bbox 527 421 684 477; x_wconf 85' lang='lat' dir='ltr'><strong>PUGNAM</strong></span> <span class='ocrx_word' id='word_1_11' title='bbox 702 421 897 479; x_wconf 81' lang='lat' dir='ltr'>ELIGENDO.</span> 
     </span>
    </p>
   </div>
   <div class='ocr_carea' id='block_1_3' title="bbox 32 547 1100 990">
    <p class='ocr_par' dir='ltr' id='par_1_3' title="bbox 32 547 1100 907">
     <span class='ocr_line' id='line_1_3' title="bbox 113 547 1066 636; baseline -0.001 -21"><span class='ocrx_word' id='word_1_12' title='bbox 113 554 145 616; x_wconf 81' lang='lat'>1.</span> <span class='ocrx_word' id='word_1_13' title='bbox 170 549 222 614; x_wconf 86' lang='grc' dir='ltr'>Μ’.</span> <span class='ocrx_word' id='word_1_14' title='bbox 232 547 363 632; x_wconf 74' lang='lat' dir='ltr'>(larius,</span> <span class='ocrx_word' id='word_1_15' title='bbox 382 550 459 634; x_wconf 87' lang='lat' dir='ltr'>quia</span> <span class='ocrx_word' id='word_1_16' title='bbox 476 549 633 634; x_wconf 78' lang='lat' dir='ltr'>phalangi</span> <span class='ocrx_word' id='word_1_17' title='bbox 652 550 738 634; x_wconf 86' lang='lat' dir='ltr'>regis</span> <span class='ocrx_word' id='word_1_18' title='bbox 758 550 875 634; x_wconf 86' lang='lat' dir='ltr'><strong>Pyrrhi</strong></span> <span class='ocrx_word' id='word_1_19' title='bbox 895 550 1066 636; x_wconf 76' lang='lat' dir='ltr'>explicitae</span> 
     </span>
     <span class='ocr_line' id='line_1_4' title="bbox 32 638 1066 724; baseline -0.006 -15"><span class='ocrx_word' id='word_1_20' title='bbox 32 639 160 710; x_wconf 80' lang='lat' dir='ltr'>resisti</span> <span class='ocrx_word' id='word_1_21' title='bbox 176 659 243 703; x_wconf 85' lang='lat' dir='ltr'>non</span> <span class='ocrx_word' id='word_1_22' title='bbox 265 659 363 724; x_wconf 85' lang='lat' dir='ltr'>posse</span> <span class='ocrx_word' id='word_1_23' title='bbox 381 638 677 723; x_wconf 75' lang='lat' dir='ltr'>animaduertebat,</span> <span class='ocrx_word' id='word_1_24' title='bbox 699 639 788 703; x_wconf 87' lang='lat' dir='ltr'>dedit</span> <span class='ocrx_word' id='word_1_25' title='bbox 807 654 953 724; x_wconf 81' lang='lat' dir='ltr'>oper-am,</span> <span class='ocrx_word' id='word_1_26' title='bbox 976 641 1066 704; x_wconf 91' lang='lat' dir='ltr'>utin</span> 
     </span>
     <span class='ocr_line' id='line_1_5' title="bbox 36 722 1066 816; baseline -0.006 -18"><span class='ocrx_word' id='word_1_27' title='bbox 36 727 212 816; x_wconf 75' lang='lat' dir='ltr'>augustiis</span> <span class='ocrx_word' id='word_1_28' title='bbox 236 727 443 813; x_wconf 80' lang='lat' dir='ltr'>confligeret,</span> <span class='ocrx_word' id='word_1_29' title='bbox 471 727 528 792; x_wconf 87' lang='lat' dir='ltr'>ubi</span> <span class='ocrx_word' id='word_1_30' title='bbox 556 727 703 793; x_wconf 86' lang='lat' dir='ltr'>conferta</span> <span class='ocrx_word' id='word_1_31' title='bbox 725 722 791 792; x_wconf 82' lang='lat' dir='ltr'>sibi</span> <span class='ocrx_word' id='word_1_32' title='bbox 812 727 886 812; x_wconf 83' lang='lat' dir='ltr'>ipsa</span> <span class='ocrx_word' id='word_1_33' title='bbox 905 732 996 793; x_wconf 88' lang='lat' dir='ltr'>esset</span> <span class='ocrx_word' id='word_1_34' title='bbox 1017 729 1066 792; x_wconf 66' lang='lat' dir='ltr'>in»</span> 
     </span>
     <span class='ocr_line' id='line_1_6' title="bbox 35 819 1100 907; baseline -0.001 -23"><span class='ocrx_word' id='word_1_35' title='bbox 35 819 245 907; x_wconf 76' lang='lat' dir='ltr'>pedimento.</span> <span class='ocrx_word' id='word_1_36' title='bbox 1084 833 1100 883; x_wconf 81' lang='lat'><strong>5</strong></span> 
     </span>
    </p>

    <p class='ocr_par' dir='ltr' id='par_1_4' title="bbox 114 900 1066 990">
     <span class='ocr_line' id='line_1_7' title="bbox 114 900 1066 990; baseline -0.003 -18"><span class='ocrx_word' id='word_1_37' title='bbox 114 907 147 972; x_wconf 88' lang='lat'>2.</span> <span class='ocrx_word' id='word_1_38' title='bbox 168 900 229 971; x_wconf 77' lang='lat' dir='ltr'>Cn</span> <span class='ocrx_word' id='word_1_39' title='bbox 244 903 416 988; x_wconf 85' lang='lat' dir='ltr'>Pompeius</span> <span class='ocrx_word' id='word_1_40' title='bbox 434 905 470 968; x_wconf 91' lang='lat' dir='ltr'>in</span> <span class='ocrx_word' id='word_1_41' title='bbox 481 903 690 990; x_wconf 74' lang='lat' dir='ltr'>Cappadocis</span> <span class='ocrx_word' id='word_1_42' title='bbox 706 905 810 990; x_wconf 84' lang='lat' dir='ltr'>elegit</span> <span class='ocrx_word' id='word_1_43' title='bbox 823 905 939 970; x_wconf 87' lang='lat' dir='ltr'>castris</span> <span class='ocrx_word' id='word_1_44' title='bbox 958 906 1066 970; x_wconf 89' lang='lat' dir='ltr'>locum</span> 
     </span>
    </p>
   </div>
   <div class='ocr_carea' id='block_1_4' title="bbox 41 993 1119 2947">
    <p class='ocr_par' dir='ltr' id='par_1_5' title="bbox 41 993 1066 1169">
     <span class='ocr_line' id='line_1_8' title="bbox 41 993 1066 1078; baseline -0.004 -16"><span class='ocrx_word' id='word_1_45' title='bbox 41 996 186 1063; x_wconf 81' lang='lat' dir='ltr'>editum:</span> <span class='ocrx_word' id='word_1_46' title='bbox 208 993 293 1058; x_wconf 89' lang='lat' dir='ltr'>unde</span> <span class='ocrx_word' id='word_1_47' title='bbox 315 993 490 1059; x_wconf 86' lang='lat' dir='ltr'>adiuuante</span> <span class='ocrx_word' id='word_1_48' title='bbox 513 993 652 1078; x_wconf 88' lang='lat' dir='ltr'>procliui</span> <span class='ocrx_word' id='word_1_49' title='bbox 674 993 831 1078; x_wconf 88' lang='lat' dir='ltr'>impetum</span> <span class='ocrx_word' id='word_1_50' title='bbox 851 994 997 1059; x_wconf 86' lang='lat' dir='ltr'>militum</span> <span class='ocrx_word' id='word_1_51' title='bbox 1019 993 1066 1058; x_wconf 86' lang='lat' dir='ltr'>fa-</span> 
     </span>
     <span class='ocr_line' id='line_1_9' title="bbox 41 1081 813 1169; baseline -0.008 -16"><span class='ocrx_word' id='word_1_52' title='bbox 41 1086 108 1153; x_wconf 88' lang='lat' dir='ltr'>cilc</span> <span class='ocrx_word' id='word_1_53' title='bbox 131 1084 205 1169; x_wconf 90' lang='lat' dir='ltr'>ipso</span> <span class='ocrx_word' id='word_1_54' title='bbox 228 1082 364 1148; x_wconf 88' lang='lat' dir='ltr'>decursu</span> <span class='ocrx_word' id='word_1_55' title='bbox 386 1081 613 1147; x_wconf 72' lang='lat' dir='ltr'>Mithridatem</span> <span class='ocrx_word' id='word_1_56' title='bbox 637 1083 813 1167; x_wconf 81' lang='lat' dir='ltr'>superauit</span> 
     </span>
    </p>

    <p class='ocr_par' dir='ltr' id='par_1_6' title="bbox 43 1168 1119 1522">
     <span class='ocr_line' id='line_1_10' title="bbox 112 1168 1066 1240; baseline -0.004 0"><span class='ocrx_word' id='word_1_57' title='bbox 112 1175 147 1240; x_wconf 69' lang='grc' dir='ltr'>ὃ.</span> <span class='ocrx_word' id='word_1_58' title='bbox 165 1170 205 1238; x_wconf 78' lang='lat' dir='ltr'>O.</span> <span class='ocrx_word' id='word_1_59' title='bbox 219 1169 341 1237; x_wconf 73' lang='lat' dir='ltr'>Ocescr</span> <span class='ocrx_word' id='word_1_60' title='bbox 359 1171 514 1236; x_wconf 86' lang='lat' dir='ltr'>aduersus</span> <span class='ocrx_word' id='word_1_61' title='bbox 529 1170 731 1237; x_wconf 84' lang='lat' dir='ltr'>Pharnacem</span> <span class='ocrx_word' id='word_1_62' title='bbox 744 1168 945 1237; x_wconf 81' lang='lat' dir='ltr'>Mithridatis</span> <span class='ocrx_word' id='word_1_63' title='bbox 962 1171 1066 1236; x_wconf 92' lang='lat' dir='ltr'>filium</span> 
     </span>
     <span class='ocr_line' id='line_1_11' title="bbox 43 1259 1119 1346; baseline -0.001 -18"><span class='ocrx_word' id='word_1_64' title='bbox 43 1263 261 1329; x_wconf 74' lang='lat' dir='ltr'>dimicaturus</span> <span class='ocrx_word' id='word_1_65' title='bbox 283 1259 321 1325; x_wconf 87' lang='lat' dir='ltr'>in</span> <span class='ocrx_word' id='word_1_66' title='bbox 339 1260 425 1326; x_wconf 88' lang='lat' dir='ltr'>colle</span> <span class='ocrx_word' id='word_1_67' title='bbox 448 1260 604 1325; x_wconf 83' lang='lat' dir='ltr'>instruxit</span> <span class='ocrx_word' id='word_1_68' title='bbox 624 1260 743 1345; x_wconf 82' lang='lat' dir='ltr'>aciem3</span> <span class='ocrx_word' id='word_1_69' title='bbox 767 1277 849 1345; x_wconf 83' lang='lat' dir='ltr'>quce</span> <span class='ocrx_word' id='word_1_70' title='bbox 867 1277 920 1326; x_wconf 87' lang='lat' dir='ltr'>res</span> <span class='ocrx_word' id='word_1_71' title='bbox 938 1260 1066 1346; x_wconf 85' lang='lat' dir='ltr'>expedi·</span> <span class='ocrx_word' id='word_1_72' title='bbox 1086 1278 1119 1327; x_wconf 90' lang='lat'>10</span> 
     </span>
     <span class='ocr_line' id='line_1_12' title="bbox 43 1347 1065 1434; baseline -0.003 -17"><span class='ocrx_word' id='word_1_73' title='bbox 43 1356 117 1418; x_wconf 81' lang='lat' dir='ltr'>tam</span> <span class='ocrx_word' id='word_1_74' title='bbox 137 1348 172 1414; x_wconf 89' lang='lat' dir='ltr'>ei</span> <span class='ocrx_word' id='word_1_75' title='bbox 188 1349 362 1415; x_wconf 81' lang='lat' dir='ltr'>cichorium</span> <span class='ocrx_word' id='word_1_76' title='bbox 380 1347 473 1414; x_wconf 81' lang='lat' dir='ltr'>fecit:</span> <span class='ocrx_word' id='word_1_77' title='bbox 497 1370 573 1414; x_wconf 87' lang='lat' dir='ltr'>nam</span> <span class='ocrx_word' id='word_1_78' title='bbox 592 1350 661 1434; x_wconf 72' lang='lat' dir='ltr'>pile</span> <span class='ocrx_word' id='word_1_79' title='bbox 679 1371 718 1414; x_wconf 83' lang='lat' dir='ltr'>ex</span> <span class='ocrx_word' id='word_1_80' title='bbox 738 1349 825 1415; x_wconf 89' lang='lat' dir='ltr'>edito</span> <span class='ocrx_word' id='word_1_81' title='bbox 844 1351 878 1414; x_wconf 91' lang='lat' dir='ltr'>in</span> <span class='ocrx_word' id='word_1_82' title='bbox 898 1349 1065 1415; x_wconf 88' lang='lat' dir='ltr'>subeuntis</span> 
     </span>
     <span class='ocr_line' id='line_1_13' title="bbox 44 1438 823 1522; baseline -0.003 -16"><span class='ocrx_word' id='word_1_83' title='bbox 44 1440 207 1507; x_wconf 81' lang='lat' dir='ltr'>barbaros</span> <span class='ocrx_word' id='word_1_84' title='bbox 230 1438 351 1503; x_wconf 87' lang='lat' dir='ltr'>emissa</span> <span class='ocrx_word' id='word_1_85' title='bbox 373 1438 522 1522; x_wconf 82' lang='lat' dir='ltr'>protinus</span> <span class='ocrx_word' id='word_1_86' title='bbox 546 1459 600 1503; x_wconf 91' lang='lat' dir='ltr'>eos</span> <span class='ocrx_word' id='word_1_87' title='bbox 625 1441 823 1504; x_wconf 87' lang='lat' dir='ltr'>auerterunt.</span> 
     </span>
    </p>

    <p class='ocr_par' dir='ltr' id='par_1_7' title="bbox 43 1526 1118 2126">
     <span class='ocr_line' id='line_1_14' title="bbox 113 1526 1067 1611; baseline -0.003 -18"><span class='ocrx_word' id='word_1_88' title='bbox 113 1528 146 1593; x_wconf 57' lang='lat'><em>4</em></span> <span class='ocrx_word' id='word_1_89' title='bbox 173 1527 326 1593; x_wconf 75' lang='lat' dir='ltr'><strong>Lucullus</strong></span> <span class='ocrx_word' id='word_1_90' title='bbox 351 1526 506 1591; x_wconf 82' lang='lat' dir='ltr'>aduersus</span> <span class='ocrx_word' id='word_1_91' title='bbox 529 1526 754 1592; x_wconf 86' lang='lat' dir='ltr'>Mithridatem</span> <span class='ocrx_word' id='word_1_92' title='bbox 779 1532 811 1592; x_wconf 91' lang='lat' dir='ltr'>et</span> <span class='ocrx_word' id='word_1_93' title='bbox 834 1526 1010 1611; x_wconf 80' lang='lat' dir='ltr'>Tigranem</span> <span class='ocrx_word' id='word_1_94' title='bbox 1032 1527 1067 1590; x_wconf 88' lang='lat' dir='ltr'>in</span> 
     </span>
     <span class='ocr_line' id='line_1_15' title="bbox 45 1615 1065 1700; baseline -0.005 -16"><span class='ocrx_word' id='word_1_95' title='bbox 45 1615 204 1684; x_wconf 77' lang='lat' dir='ltr'>Armenia</span> <span class='ocrx_word' id='word_1_96' title='bbox 218 1616 340 1680; x_wconf 88' lang='lat' dir='ltr'>maiore</span> <span class='ocrx_word' id='word_1_97' title='bbox 355 1615 440 1700; x_wconf 87' lang='lat' dir='ltr'>apud</span> <span class='ocrx_word' id='word_1_98' title='bbox 454 1615 721 1700; x_wconf 75' lang='lat' dir='ltr'>Tigranocertam</span> <span class='ocrx_word' id='word_1_99' title='bbox 736 1616 958 1698; x_wconf 84' lang='lat' dir='ltr'>dimicaturus,</span> <span class='ocrx_word' id='word_1_100' title='bbox 973 1615 1065 1680; x_wconf 89' lang='lat' dir='ltr'>collis</span> 
     </span>
     <span class='ocr_line' id='line_1_16' title="bbox 44 1703 1118 1793; baseline -0.002 -22"><span class='ocrx_word' id='word_1_101' title='bbox 44 1705 189 1793; x_wconf 87' lang='lat' dir='ltr'>proximi</span> <span class='ocrx_word' id='word_1_102' title='bbox 210 1705 347 1790; x_wconf 85' lang='lat' dir='ltr'>planum</span> <span class='ocrx_word' id='word_1_103' title='bbox 369 1703 525 1770; x_wconf 84' lang='lat' dir='ltr'>uerticem</span> <span class='ocrx_word' id='word_1_104' title='bbox 547 1705 668 1790; x_wconf 88' lang='lat' dir='ltr'>raptim</span> <span class='ocrx_word' id='word_1_105' title='bbox 693 1726 765 1769; x_wconf 91' lang='lat' dir='ltr'>cum</span> <span class='ocrx_word' id='word_1_106' title='bbox 783 1708 878 1788; x_wconf 89' lang='lat' dir='ltr'>parte</span> <span class='ocrx_word' id='word_1_107' title='bbox 897 1704 1065 1786; x_wconf 86' lang='lat' dir='ltr'>copiarum</span> <span class='ocrx_word' id='word_1_108' title='bbox 1085 1720 1118 1769; x_wconf 78' lang='lat'>15</span> 
     </span>
     <span class='ocr_line' id='line_1_17' title="bbox 45 1792 1066 1880; baseline -0.004 -22"><span class='ocrx_word' id='word_1_109' title='bbox 45 1795 199 1880; x_wconf 71' lang='lat' dir='ltr'>adeptus,</span> <span class='ocrx_word' id='word_1_110' title='bbox 226 1794 261 1858; x_wconf 87' lang='lat' dir='ltr'>in</span> <span class='ocrx_word' id='word_1_111' title='bbox 288 1793 451 1859; x_wconf 84' lang='lat' dir='ltr'>subiectos</span> <span class='ocrx_word' id='word_1_112' title='bbox 479 1792 591 1858; x_wconf 88' lang='lat' dir='ltr'>hostes</span> <span class='ocrx_word' id='word_1_113' title='bbox 620 1794 800 1859; x_wconf 77' lang='lat' dir='ltr'>decucurrit</span> <span class='ocrx_word' id='word_1_114' title='bbox 829 1795 862 1856; x_wconf 88' lang='lat' dir='ltr'>ct</span> <span class='ocrx_word' id='word_1_115' title='bbox 885 1792 1066 1874; x_wconf 87' lang='lat' dir='ltr'>equitatum</span> 
     </span>
     <span class='ocr_line' id='line_1_18' title="bbox 44 1880 1066 1966; baseline -0.003 -18"><span class='ocrx_word' id='word_1_116' title='bbox 44 1904 160 1949; x_wconf 88' lang='lat' dir='ltr'>eorum</span> <span class='ocrx_word' id='word_1_117' title='bbox 179 1904 199 1947; x_wconf 85' lang='lat' dir='ltr'>a</span> <span class='ocrx_word' id='word_1_118' title='bbox 216 1882 318 1947; x_wconf 87' lang='lat' dir='ltr'>latere</span> <span class='ocrx_word' id='word_1_119' title='bbox 341 1882 475 1947; x_wconf 89' lang='lat' dir='ltr'>inuasit:</span> <span class='ocrx_word' id='word_1_120' title='bbox 500 1902 713 1966; x_wconf 86' lang='lat' dir='ltr'>auersumque</span> <span class='ocrx_word' id='word_1_121' title='bbox 736 1884 770 1945; x_wconf 93' lang='lat' dir='ltr'>et</span> <span class='ocrx_word' id='word_1_122' title='bbox 793 1880 968 1945; x_wconf 91' lang='lat' dir='ltr'>eorundem</span> <span class='ocrx_word' id='word_1_123' title='bbox 991 1902 1066 1965; x_wconf 91' lang='lat' dir='ltr'>pro-</span> 
     </span>
     <span class='ocr_line' id='line_1_19' title="bbox 43 1966 1065 2056; baseline -0.003 -19"><span class='ocrx_word' id='word_1_124' title='bbox 43 1973 134 2037; x_wconf 85' lang='lat' dir='ltr'>tinus</span> <span class='ocrx_word' id='word_1_125' title='bbox 148 1971 273 2056; x_wconf 80' lang='lat' dir='ltr'>pedites</span> <span class='ocrx_word' id='word_1_126' title='bbox 288 1971 535 2055; x_wconf 82' lang='lat' dir='ltr'>proturbcntem</span> <span class='ocrx_word' id='word_1_127' title='bbox 553 1971 716 2035; x_wconf 89' lang='lat' dir='ltr'>insecutus</span> <span class='ocrx_word' id='word_1_128' title='bbox 735 1966 951 2034; x_wconf 84' lang='lat' dir='ltr'>clarissimam</span> <span class='ocrx_word' id='word_1_129' title='bbox 964 1970 1065 2034; x_wconf 90' lang='lat' dir='ltr'>uicto·</span> 
     </span>
     <span class='ocr_line' id='line_1_20' title="bbox 46 2059 276 2126; baseline -0.013 0"><span class='ocrx_word' id='word_1_130' title='bbox 46 2061 132 2126; x_wconf 89' lang='lat' dir='ltr'>riam</span> <span class='ocrx_word' id='word_1_131' title='bbox 154 2059 276 2124; x_wconf 87' lang='lat' dir='ltr'>retulit.</span> 
     </span>
    </p>

    <p class='ocr_par' dir='ltr' id='par_1_8' title="bbox 45 2145 1119 2748">
     <span class='ocr_line' id='line_1_21' title="bbox 114 2145 1119 2214; baseline -0.002 0"><span class='ocrx_word' id='word_1_132' title='bbox 114 2148 146 2214; x_wconf 80' lang='lat'>5.</span> <span class='ocrx_word' id='word_1_133' title='bbox 178 2146 349 2213; x_wconf 85' lang='lat' dir='ltr'>Ventidius</span> <span class='ocrx_word' id='word_1_134' title='bbox 377 2147 532 2213; x_wconf 88' lang='lat' dir='ltr'>aduersus</span> <span class='ocrx_word' id='word_1_135' title='bbox 561 2146 700 2213; x_wconf 87' lang='lat' dir='ltr'>Parthos</span> <span class='ocrx_word' id='word_1_136' title='bbox 728 2167 794 2211; x_wconf 88' lang='lat' dir='ltr'>non</span> <span class='ocrx_word' id='word_1_137' title='bbox 822 2150 899 2211; x_wconf 88' lang='lat' dir='ltr'>ante</span> <span class='ocrx_word' id='word_1_138' title='bbox 927 2145 1066 2210; x_wconf 93' lang='lat' dir='ltr'>militem</span> <span class='ocrx_word' id='word_1_139' title='bbox 1086 2164 1119 2212; x_wconf 78' lang='lat'>20</span> 
     </span>
     <span class='ocr_line' id='line_1_22' title="bbox 45 2234 1065 2322; baseline -0.005 -18"><span class='ocrx_word' id='word_1_140' title='bbox 45 2237 177 2322; x_wconf 87' lang='lat' dir='ltr'>eduxit,</span> <span class='ocrx_word' id='word_1_141' title='bbox 211 2254 310 2321; x_wconf 51' lang='lat' dir='ltr'>&#39;quam</span> <span class='ocrx_word' id='word_1_142' title='bbox 342 2235 393 2300; x_wconf 88' lang='lat' dir='ltr'>illi</span> <span class='ocrx_word' id='word_1_143' title='bbox 425 2236 611 2321; x_wconf 83' lang='lat' dir='ltr'>quingentis</span> <span class='ocrx_word' id='word_1_144' title='bbox 643 2257 710 2301; x_wconf 89' lang='lat' dir='ltr'>non</span> <span class='ocrx_word' id='word_1_145' title='bbox 743 2235 883 2321; x_wconf 90' lang='lat' dir='ltr'>amplius</span> <span class='ocrx_word' id='word_1_146' title='bbox 915 2234 1065 2319; x_wconf 88' lang='lat' dir='ltr'>passibus</span> 
     </span>
     <span class='ocr_line' id='line_1_23' title="bbox 45 2323 1066 2412; baseline -0.005 -19"><span class='ocrx_word' id='word_1_147' title='bbox 45 2328 216 2412; x_wconf 85' lang='lat' dir='ltr'>abessent,</span> <span class='ocrx_word' id='word_1_148' title='bbox 248 2329 346 2410; x_wconf 90' lang='lat' dir='ltr'>atque</span> <span class='ocrx_word' id='word_1_149' title='bbox 376 2324 423 2389; x_wconf 92' lang='lat' dir='ltr'>ita</span> <span class='ocrx_word' id='word_1_150' title='bbox 454 2326 664 2410; x_wconf 82' lang='lat' dir='ltr'>procursione</span> <span class='ocrx_word' id='word_1_151' title='bbox 698 2325 807 2390; x_wconf 89' lang='lat' dir='ltr'>subita</span> <span class='ocrx_word' id='word_1_152' title='bbox 839 2324 920 2390; x_wconf 90' lang='lat' dir='ltr'>adeo</span> <span class='ocrx_word' id='word_1_153' title='bbox 950 2346 984 2389; x_wconf 89' lang='lat' dir='ltr'>se</span> <span class='ocrx_word' id='word_1_154' title='bbox 1012 2323 1066 2389; x_wconf 91' lang='lat' dir='ltr'>ad·</span> 
     </span>
     <span class='ocr_line' id='line_1_24' title="bbox 48 2413 1066 2500; baseline -0.005 -19"><span class='ocrx_word' id='word_1_155' title='bbox 48 2416 168 2500; x_wconf 88' lang='lat' dir='ltr'>mouit,</span> <span class='ocrx_word' id='word_1_156' title='bbox 202 2418 240 2480; x_wconf 92' lang='lat' dir='ltr'>ut</span> <span class='ocrx_word' id='word_1_157' title='bbox 273 2414 430 2498; x_wconf 80' lang='lat' dir='ltr'>sagittas,</span> <span class='ocrx_word' id='word_1_158' title='bbox 462 2415 580 2498; x_wconf 90' lang='lat' dir='ltr'>quibus</span> <span class='ocrx_word' id='word_1_159' title='bbox 612 2436 652 2479; x_wconf 83' lang='lat' dir='ltr'>ex</span> <span class='ocrx_word' id='word_1_160' title='bbox 684 2413 864 2499; x_wconf 86' lang='lat' dir='ltr'>longinquo</span> <span class='ocrx_word' id='word_1_161' title='bbox 897 2434 975 2479; x_wconf 89' lang='lat' dir='ltr'>usus</span> <span class='ocrx_word' id='word_1_162' title='bbox 1007 2418 1066 2496; x_wconf 85' lang='lat' dir='ltr'>est,</span> 
     </span>
     <span class='ocr_line' id='line_1_25' title="bbox 45 2502 1066 2588; baseline -0.005 -17"><span class='ocrx_word' id='word_1_163' title='bbox 45 2503 229 2571; x_wconf 84' lang='lat' dir='ltr'>comminus</span> <span class='ocrx_word' id='word_1_164' title='bbox 248 2503 420 2588; x_wconf 85' lang='lat' dir='ltr'>adplicitus</span> <span class='ocrx_word' id='word_1_165' title='bbox 439 2502 597 2568; x_wconf 87' lang='lat' dir='ltr'>eluderet:</span> <span class='ocrx_word' id='word_1_166' title='bbox 620 2525 684 2587; x_wconf 90' lang='lat' dir='ltr'>qno</span> <span class='ocrx_word' id='word_1_167' title='bbox 704 2504 853 2586; x_wconf 86' lang='lat' dir='ltr'>consilio,</span> <span class='ocrx_word' id='word_1_168' title='bbox 872 2502 949 2587; x_wconf 90' lang='lat' dir='ltr'>quia</span> <span class='ocrx_word' id='word_1_169' title='bbox 967 2521 1066 2586; x_wconf 87' lang='lat' dir='ltr'>quan·</span> 
     </span>
     <span class='ocr_line' id='line_1_26' title="bbox 46 2589 1119 2676; baseline -0.004 -18"><span class='ocrx_word' id='word_1_170' title='bbox 46 2595 124 2660; x_wconf 91' lang='lat' dir='ltr'>dam</span> <span class='ocrx_word' id='word_1_171' title='bbox 161 2593 262 2657; x_wconf 90' lang='lat' dir='ltr'>etiam</span> <span class='ocrx_word' id='word_1_172' title='bbox 293 2591 429 2657; x_wconf 89' lang='lat' dir='ltr'>fiduciae</span> <span class='ocrx_word' id='word_1_173' title='bbox 467 2592 606 2676; x_wconf 91' lang='lat' dir='ltr'>speciem</span> <span class='ocrx_word' id='word_1_174' title='bbox 644 2594 881 2676; x_wconf 87' lang='lat' dir='ltr'>ostentauerat,</span> <span class='ocrx_word' id='word_1_175' title='bbox 916 2589 1067 2656; x_wconf 87' lang='lat' dir='ltr'>celeriter</span> <span class='ocrx_word' id='word_1_176' title='bbox 1085 2606 1119 2655; x_wconf 76' lang='lat'>25</span> 
     </span>
     <span class='ocr_line' id='line_1_27' title="bbox 47 2680 417 2748; baseline -0.011 0"><span class='ocrx_word' id='word_1_177' title='bbox 47 2682 207 2748; x_wconf 80' lang='lat' dir='ltr'>barbaros</span> <span class='ocrx_word' id='word_1_178' title='bbox 230 2680 417 2745; x_wconf 85' lang='lat' dir='ltr'>debellauit.</span> 
     </span>
    </p>

    <p class='ocr_par' dir='ltr' id='par_1_9' title="bbox 46 2766 1065 2947">
     <span class='ocr_line' id='line_1_28' title="bbox 113 2766 1065 2854; baseline -0.004 -19"><span class='ocrx_word' id='word_1_179' title='bbox 113 2771 145 2835; x_wconf 85' lang='grc'>6.</span> <span class='ocrx_word' id='word_1_180' title='bbox 169 2768 336 2837; x_wconf 85' lang='lat' dir='ltr'>Hannibal</span> <span class='ocrx_word' id='word_1_181' title='bbox 361 2769 446 2854; x_wconf 91' lang='lat' dir='ltr'>apud</span> <span class='ocrx_word' id='word_1_182' title='bbox 468 2767 715 2835; x_wconf 89' lang='lat' dir='ltr'>Numistronem</span> <span class='ocrx_word' id='word_1_183' title='bbox 739 2773 852 2835; x_wconf 89' lang='lat' dir='ltr'>contra</span> <span class='ocrx_word' id='word_1_184' title='bbox 874 2766 1065 2833; x_wconf 87' lang='lat' dir='ltr'>Marcellum</span> 
     </span>
     <span class='ocr_line' id='line_1_29' title="bbox 46 2850 1065 2947; baseline -0.006 -22"><span class='ocrx_word' id='word_1_185' title='bbox 46 2863 377 2947; x_wconf 81' lang='lat' dir='ltr'>pugnaturuscaucs</span> <span class='ocrx_word' id='word_1_186' title='bbox 397 2850 433 2922; x_wconf 67' lang='lat' dir='ltr'>‘et</span> <span class='ocrx_word' id='word_1_187' title='bbox 455 2861 648 2943; x_wconf 88' lang='lat' dir='ltr'>praeruptas</span> <span class='ocrx_word' id='word_1_188' title='bbox 672 2859 744 2923; x_wconf 84' lang='lat' dir='ltr'>uias</span> <span class='ocrx_word' id='word_1_189' title='bbox 768 2857 888 2924; x_wconf 88' lang='lat' dir='ltr'>obiecit</span> <span class='ocrx_word' id='word_1_190' title='bbox 912 2856 1065 2920; x_wconf 86' lang='lat' dir='ltr'>alatere:</span> 
     </span>
    </p>
   </div>
   <div class='ocr_carea' id='block_1_5' title="bbox 41 3009 1069 3654">
    <p class='ocr_par' dir='ltr' id='par_1_10' title="bbox 41 3009 1069 3654">
     <span class='ocr_line' id='line_1_30' title="bbox 119 3009 1065 3088; baseline -0.007 -16"><span class='ocrx_word' id='word_1_191' title='bbox 119 3023 135 3071; x_wconf 82' lang='lat' dir='ltr'>ll</span> <span class='ocrx_word' id='word_1_192' title='bbox 155 3015 193 3072; x_wconf 82' lang='lat' dir='ltr'>M.</span> <span class='ocrx_word' id='word_1_193' title='bbox 212 3015 247 3069; x_wconf 91' lang='lat' dir='ltr'><strong><em>H</em></strong></span> <span class='ocrx_word' id='word_1_194' title='bbox 248 3014 284 3082; x_wconf 84' lang='lat' dir='ltr'>P,</span> <span class='ocrx_word' id='word_1_195' title='bbox 301 3029 373 3070; x_wconf 81' lang='lat' dir='ltr'>corr.</span> <span class='ocrx_word' id='word_1_196' title='bbox 394 3014 464 3070; x_wconf 72' lang='lat' dir='ltr'>Ocu.</span> <span class='ocrx_word' id='word_1_197' title='bbox 481 3017 486 3084; x_wconf 81' lang='grc' dir='ltr'>Ι</span> <span class='ocrx_word' id='word_1_198' title='bbox 508 3014 670 3086; x_wconf 82' lang='lat' dir='ltr'>phalangae</span> <span class='ocrx_word' id='word_1_199' title='bbox 688 3016 717 3070; x_wconf 93' lang='lat' dir='ltr'><strong><em>P</em></strong></span> <span class='ocrx_word' id='word_1_200' title='bbox 733 3016 738 3088; x_wconf 88' lang='grc' dir='ltr'>Ι</span> <span class='ocrx_word' id='word_1_201' title='bbox 758 3012 836 3084; x_wconf 83' lang='lat' dir='ltr'>pyrri</span> <span class='ocrx_word' id='word_1_202' title='bbox 854 3014 883 3068; x_wconf 93' lang='lat' dir='ltr'><strong><em>P</em></strong></span> <span class='ocrx_word' id='word_1_203' title='bbox 900 3016 904 3080; x_wconf 79' lang='grc'>1</span> <span class='ocrx_word' id='word_1_204' title='bbox 930 3016 946 3065; x_wconf 84' lang='grc'>3</span> <span class='ocrx_word' id='word_1_205' title='bbox 966 3009 1065 3066; x_wconf 85' lang='lat' dir='ltr'>resiste</span> 
     </span>
     <span class='ocr_line' id='line_1_31' title="bbox 45 3081 1069 3158; baseline -0.005 -15"><span class='ocrx_word' id='word_1_206' title='bbox 45 3089 92 3143; x_wconf 84' lang='lat' dir='ltr'>H²</span> <span class='ocrx_word' id='word_1_207' title='bbox 108 3094 113 3153; x_wconf 89' lang='grc' dir='ltr'>Ι</span> <span class='ocrx_word' id='word_1_208' title='bbox 130 3094 148 3142; x_wconf 84' lang='grc'>4</span> <span class='ocrx_word' id='word_1_209' title='bbox 166 3086 295 3141; x_wconf 85' lang='lat' dir='ltr'>conserta</span> <span class='ocrx_word' id='word_1_210' title='bbox 309 3087 329 3141; x_wconf 87' lang='lat' dir='ltr'>d</span> <span class='ocrx_word' id='word_1_211' title='bbox 344 3089 349 3152; x_wconf 86' lang='grc'>1</span> <span class='ocrx_word' id='word_1_212' title='bbox 365 3091 380 3140; x_wconf 76' lang='grc'><strong>7</strong></span> <span class='ocrx_word' id='word_1_213' title='bbox 399 3086 525 3156; x_wconf 86' lang='lat' dir='ltr'>proclino</span> <span class='ocrx_word' id='word_1_214' title='bbox 536 3086 581 3158; x_wconf 82' lang='grc' dir='ltr'>ΡΙ</span> <span class='ocrx_word' id='word_1_215' title='bbox 597 3091 613 3140; x_wconf 85' lang='grc'><strong>8</strong></span> <span class='ocrx_word' id='word_1_216' title='bbox 629 3087 745 3142; x_wconf 87' lang='lat' dir='ltr'>decurso</span> <span class='ocrx_word' id='word_1_217' title='bbox 759 3086 794 3139; x_wconf 92' lang='lat' dir='ltr'><strong><em>H</em></strong></span> <span class='ocrx_word' id='word_1_218' title='bbox 806 3086 810 3151; x_wconf 82' lang='grc' dir='ltr'>Ι</span> <span class='ocrx_word' id='word_1_219' title='bbox 826 3082 1028 3137; x_wconf 88' lang='lat' dir='ltr'>mithridanten</span> <span class='ocrx_word' id='word_1_220' title='bbox 1046 3081 1069 3138; x_wconf 80' lang='lat' dir='ltr'><em>O</em></span> 
     </span>
     <span class='ocr_line' id='line_1_32' title="bbox 44 3152 1066 3226; baseline -0.008 -12"><span class='ocrx_word' id='word_1_221' title='bbox 44 3157 231 3214; x_wconf 75' lang='lat' dir='ltr'>mithridsntd</span> <span class='ocrx_word' id='word_1_222' title='bbox 245 3157 280 3211; x_wconf 93' lang='lat' dir='ltr'><strong><em>H</em></strong></span> <span class='ocrx_word' id='word_1_223' title='bbox 299 3161 363 3212; x_wconf 77' lang='lat' dir='ltr'>arcte</span> <span class='ocrx_word' id='word_1_224' title='bbox 380 3173 436 3212; x_wconf 82' lang='lat' dir='ltr'>ras.</span> <span class='ocrx_word' id='word_1_225' title='bbox 457 3159 462 3226; x_wconf 91' lang='grc'>1</span> <span class='ocrx_word' id='word_1_226' title='bbox 486 3161 520 3211; x_wconf 88' lang='grc'>10</span> <span class='ocrx_word' id='word_1_227' title='bbox 537 3156 671 3212; x_wconf 86' lang='lat' dir='ltr'>instruxit</span> <span class='ocrx_word' id='word_1_228' title='bbox 690 3172 786 3211; x_wconf 86' lang='lat' dir='ltr'>—res</span> <span class='ocrx_word' id='word_1_229' title='bbox 808 3171 859 3210; x_wconf 88' lang='lat' dir='ltr'>om.</span> <span class='ocrx_word' id='word_1_230' title='bbox 879 3153 943 3224; x_wconf 76' lang='lat' dir='ltr'>H²l</span> <span class='ocrx_word' id='word_1_231' title='bbox 965 3159 997 3208; x_wconf 85' lang='lat'>13</span> <span class='ocrx_word' id='word_1_232' title='bbox 1013 3152 1066 3207; x_wconf 93' lang='lat' dir='ltr'>Lu-</span> 
     </span>
     <span class='ocr_line' id='line_1_33' title="bbox 43 3226 1063 3298; baseline -0.007 -12"><span class='ocrx_word' id='word_1_233' title='bbox 43 3228 128 3286; x_wconf 81' lang='lat' dir='ltr'>culue</span> <span class='ocrx_word' id='word_1_234' title='bbox 142 3229 178 3283; x_wconf 88' lang='grc' dir='ltr'><strong>Η</strong></span> <span class='ocrx_word' id='word_1_235' title='bbox 193 3233 257 3284; x_wconf 77' lang='lat' dir='ltr'>unte</span> <span class='ocrx_word' id='word_1_236' title='bbox 270 3242 339 3284; x_wconf 79' lang='lat' dir='ltr'>corr.</span> <span class='ocrx_word' id='word_1_237' title='bbox 357 3229 361 3298; x_wconf 83' lang='grc' dir='ltr'>Ι</span> <span class='ocrx_word' id='word_1_238' title='bbox 375 3226 551 3284; x_wconf 79' lang='lat' dir='ltr'>mitridatem</span> <span class='ocrx_word' id='word_1_239' title='bbox 565 3229 600 3283; x_wconf 89' lang='grc' dir='ltr'><strong><em>Η</em></strong></span> <span class='ocrx_word' id='word_1_240' title='bbox 614 3228 799 3284; x_wconf 76' lang='lat' dir='ltr'>mithridatem</span> <span class='ocrx_word' id='word_1_241' title='bbox 812 3227 841 3281; x_wconf 91' lang='lat' dir='ltr'><em>P</em></span> <span class='ocrx_word' id='word_1_242' title='bbox 853 3229 857 3294; x_wconf 83' lang='grc' dir='ltr'>Ι</span> <span class='ocrx_word' id='word_1_243' title='bbox 874 3226 1005 3295; x_wconf 81' lang='lat' dir='ltr'>tigranen</span> <span class='ocrx_word' id='word_1_244' title='bbox 1018 3226 1047 3280; x_wconf 91' lang='lat' dir='ltr'><strong><em>P</em></strong></span> <span class='ocrx_word' id='word_1_245' title='bbox 1060 3226 1063 3296; x_wconf 72' lang='lat' dir='ltr'>l</span> 
     </span>
     <span class='ocr_line' id='line_1_34' title="bbox 44 3297 1066 3370; baseline -0.007 -12"><span class='ocrx_word' id='word_1_246' title='bbox 44 3305 80 3358; x_wconf 70' lang='lat' dir='ltr'>lt</span> <span class='ocrx_word' id='word_1_247' title='bbox 101 3299 307 3369; x_wconf 74' lang='lat' dir='ltr'>aduersumque</span> <span class='ocrx_word' id='word_1_248' title='bbox 321 3298 373 3368; x_wconf 80' lang='grc' dir='ltr'>ΗΙ</span> <span class='ocrx_word' id='word_1_249' title='bbox 393 3297 522 3370; x_wconf 84' lang='lat' dir='ltr'>protinus</span> <span class='ocrx_word' id='word_1_250' title='bbox 540 3315 603 3355; x_wconf 79' lang='lat' dir='ltr'>noe:</span> <span class='ocrx_word' id='word_1_251' title='bbox 622 3301 656 3367; x_wconf 84' lang='lat' dir='ltr'>cf.</span> <span class='ocrx_word' id='word_1_252' title='bbox 672 3316 703 3369; x_wconf 85' lang='lat' dir='ltr'>p.</span> <span class='ocrx_word' id='word_1_253' title='bbox 722 3303 802 3364; x_wconf 75' lang='lat'><strong><em>42,9</em></strong></span> <span class='ocrx_word' id='word_1_254' title='bbox 820 3299 932 3368; x_wconf 86' lang='lat' dir='ltr'>partem</span> <span class='ocrx_word' id='word_1_255' title='bbox 950 3298 985 3353; x_wconf 93' lang='lat' dir='ltr'><strong><em>H</em></strong></span> <span class='ocrx_word' id='word_1_256' title='bbox 1024 3314 1066 3352; x_wconf 87' lang='lat' dir='ltr'>ar-</span> 
     </span>
     <span class='ocr_line' id='line_1_35' title="bbox 41 3315 1067 3442; baseline -0.007 -13"><span class='ocrx_word' id='word_1_257' title='bbox 41 3373 100 3429; x_wconf 74' lang='lat' dir='ltr'>rim</span> <span class='ocrx_word' id='word_1_258' title='bbox 113 3371 143 3426; x_wconf 90' lang='lat' dir='ltr'><strong><em>P</em></strong></span> <span class='ocrx_word' id='word_1_259' title='bbox 158 3370 266 3442; x_wconf 83' lang='lat' dir='ltr'>pariter</span> <span class='ocrx_word' id='word_1_260' title='bbox 278 3370 359 3426; x_wconf 72' lang='lat' dir='ltr'>Sicco.</span> <span class='ocrx_word' id='word_1_261' title='bbox 376 3374 380 3437; x_wconf 85' lang='grc'>1</span> <span class='ocrx_word' id='word_1_262' title='bbox 401 3369 553 3426; x_wconf 87' lang='lat' dir='ltr'>eorundem</span> <span class='ocrx_word' id='word_1_263' title='bbox 567 3372 678 3440; x_wconf 87' lang='lat' dir='ltr'>partem</span> <span class='ocrx_word' id='word_1_264' title='bbox 692 3369 820 3440; x_wconf 88' lang='lat' dir='ltr'>peditum</span> <span class='ocrx_word' id='word_1_265' title='bbox 834 3369 895 3425; x_wconf 82' lang='lat' dir='ltr'>edd.</span> <span class='ocrx_word' id='word_1_266' title='bbox 915 3315 1067 3424; x_wconf 77' lang='lat' dir='ltr'>earundem</span> 
     </span>
     <span class='ocr_line' id='line_1_36' title="bbox 44 3439 1066 3514; baseline -0.004 -16"><span class='ocrx_word' id='word_1_267' title='bbox 44 3442 173 3514; x_wconf 83' lang='lat' dir='ltr'>partium</span> <span class='ocrx_word' id='word_1_268' title='bbox 191 3441 301 3512; x_wconf 80' lang='lat' dir='ltr'>pedites</span> <span class='ocrx_word' id='word_1_269' title='bbox 318 3446 514 3511; x_wconf 61' lang='lat' dir='ltr'>temptatorem</span> <span class='ocrx_word' id='word_1_270' title='bbox 532 3447 615 3497; x_wconf 74' lang='lat' dir='ltr'>antec</span> <span class='ocrx_word' id='word_1_271' title='bbox 633 3442 692 3497; x_wconf 84' lang='lat' dir='ltr'>coll.</span> <span class='ocrx_word' id='word_1_272' title='bbox 707 3458 738 3510; x_wconf 84' lang='lat' dir='ltr'>p.</span> <span class='ocrx_word' id='word_1_273' title='bbox 757 3446 854 3508; x_wconf 79' lang='lat'><strong><em>32,19</em></strong></span> <span class='ocrx_word' id='word_1_274' title='bbox 872 3444 876 3507; x_wconf 95' lang='grc' dir='ltr'>Ι</span> <span class='ocrx_word' id='word_1_275' title='bbox 898 3439 1066 3510; x_wconf 87' lang='lat' dir='ltr'>perturban-</span> 
     </span>
     <span class='ocr_line' id='line_1_37' title="bbox 42 3511 1062 3587; baseline -0.001 -18"><span class='ocrx_word' id='word_1_276' title='bbox 42 3517 105 3569; x_wconf 85' lang='lat' dir='ltr'>tem</span> <span class='ocrx_word' id='word_1_277' title='bbox 122 3514 143 3568; x_wconf 83' lang='lat' dir='ltr'>d</span> <span class='ocrx_word' id='word_1_278' title='bbox 161 3515 167 3582; x_wconf 77' lang='lat' dir='ltr'>l</span> <span class='ocrx_word' id='word_1_279' title='bbox 188 3516 227 3587; x_wconf 66' lang='grc' dir='ltr'>ι20</span> <span class='ocrx_word' id='word_1_280' title='bbox 241 3514 337 3582; x_wconf 81' lang='lat' dir='ltr'>partos</span> <span class='ocrx_word' id='word_1_281' title='bbox 351 3512 386 3567; x_wconf 88' lang='lat' dir='ltr'><strong><em>H</em></strong></span> <span class='ocrx_word' id='word_1_282' title='bbox 403 3515 408 3581; x_wconf 86' lang='lat' dir='ltr'>l</span> <span class='ocrx_word' id='word_1_283' title='bbox 432 3518 466 3567; x_wconf 76' lang='lat'>21</span> <span class='ocrx_word' id='word_1_284' title='bbox 485 3511 567 3567; x_wconf 88' lang='lat' dir='ltr'>duxit</span> <span class='ocrx_word' id='word_1_285' title='bbox 580 3513 613 3566; x_wconf 91' lang='lat' dir='ltr'><strong><em>H</em></strong></span> <span class='ocrx_word' id='word_1_286' title='bbox 627 3512 632 3582; x_wconf 86' lang='grc' dir='ltr'>Ι</span> <span class='ocrx_word' id='word_1_287' title='bbox 648 3511 819 3583; x_wconf 83' lang='lat' dir='ltr'>quingentos</span> <span class='ocrx_word' id='word_1_288' title='bbox 838 3513 873 3568; x_wconf 91' lang='lat' dir='ltr'><strong><em>H</em></strong></span> <span class='ocrx_word' id='word_1_289' title='bbox 887 3518 951 3568; x_wconf 79' lang='lat' dir='ltr'>ante</span> <span class='ocrx_word' id='word_1_290' title='bbox 968 3527 1038 3568; x_wconf 82' lang='lat' dir='ltr'>corr.</span> <span class='ocrx_word' id='word_1_291' title='bbox 1059 3511 1062 3582; x_wconf 90' lang='grc' dir='ltr'>Ι</span> 
     </span>
     <span class='ocr_line' id='line_1_38' title="bbox 44 3584 825 3654; baseline -0.001 -14"><span class='ocrx_word' id='word_1_292' title='bbox 44 3590 82 3641; x_wconf 76' lang='lat'>28</span> <span class='ocrx_word' id='word_1_293' title='bbox 102 3600 169 3640; x_wconf 86' lang='lat' dir='ltr'>usus</span> <span class='ocrx_word' id='word_1_294' title='bbox 189 3587 279 3654; x_wconf 80' lang='lat' dir='ltr'>(prior</span> <span class='ocrx_word' id='word_1_295' title='bbox 297 3602 316 3638; x_wconf 90' lang='lat' dir='ltr'>u</span> <span class='ocrx_word' id='word_1_296' title='bbox 334 3585 366 3638; x_wconf 82' lang='lat' dir='ltr'>ia</span> <span class='ocrx_word' id='word_1_297' title='bbox 383 3600 438 3639; x_wconf 85' lang='lat' dir='ltr'>ras.</span> <span class='ocrx_word' id='word_1_298' title='bbox 458 3585 578 3638; x_wconf 80' lang='lat' dir='ltr'>ducrum</span> <span class='ocrx_word' id='word_1_299' title='bbox 594 3585 651 3651; x_wconf 84' lang='lat' dir='ltr'>fere</span> <span class='ocrx_word' id='word_1_300' title='bbox 670 3585 721 3639; x_wconf 76' lang='lat' dir='ltr'>litt.</span> <span class='ocrx_word' id='word_1_301' title='bbox 740 3585 770 3652; x_wconf 83' lang='lat' dir='ltr'>t)</span> <span class='ocrx_word' id='word_1_302' title='bbox 790 3584 825 3639; x_wconf 92' lang='lat' dir='ltr'><strong><em>H</em></strong></span> 
     </span>
    </p>
   </div>
   <div class='ocr_carea' id='block_1_6' title="bbox 0 0 1208 3944">
    <p class='ocr_par' dir='ltr' id='par_1_11' title="bbox 0 0 1208 3944">
     <span class='ocr_line' id='line_1_39' title="bbox 0 0 1208 3944; baseline 0 0"><span class='ocrx_word' id='word_1_303' title='bbox 0 0 1208 3944; x_wconf 95' lang='lat' dir='ltr'> </span> 
     </span>
    </p>
   </div>
  </div>
 </body>
</html>
