2400 3944
419 183 529 240 LIBER
548 186 569 241 l.
599 185 676 243 cnP.
696 192 721 243 5.
1037 186 1078 252 19

55 345 197 448 minime
234 346 495 431 exspectabatur,
535 370 593 434 per
630 351 788 415 stationes
825 350 969 419 hostium
1006 372 1078 434 per·

54 440 182 590 rupit.
204 523 240 589 L.
254 521 370 591 Furius
393 525 537 590 exercitu
559 525 715 611 perducto
739 527 773 592 in
795 528 904 593 locum
922 528 1078 613 iniquum,

56 636 134 679 cum
168 613 394 679 constituisset
422 616 585 680 occultare
614 616 867 681 sollicitudinem
899 639 1005 701 suam,
1036 639 1079 682 ne

55 703 179 787 reliqui
193 701 403 786 trepidarent,
421 703 579 787 paulatim
597 703 725 769 inflexit
743 704 814 787 iter,
832 708 1000 790 tamquam
1017 706 1077 771 cir·
1096 720 1112 770 5

57 793 152 858 cuitu
163 791 286 856 maiore
296 790 424 856 hostem
434 792 660 878 adgressurus:
675 814 832 858 conuerso
843 795 974 877 agmine
987 795 1078 879 igna-

56 902 135 946 rum
158 880 310 965 reiquae
339 881 497 966 agebatur
525 882 701 947 exercitum
725 881 919 946 incolumem
943 881 1079 948 reduxit.

131 970 183 1034 14.
214 968 250 1033 P.
273 967 390 1035 Decius
418 970 568 1035 tribunus
601 970 690 1036 bello
720 968 898 1037 Samnitico
925 968 1078 1036 Cornelio

58 1057 166 1124 Cosso
200 1059 325 1124 consuli
357 1059 476 1143 iniquis
509 1059 588 1123 locis
622 1060 822 1143 deprehenso
857 1059 898 1124 ab
928 1059 1078 1124 hostibus

57 1148 178 1231 suasit,
202 1151 238 1211 ut
262 1147 301 1212 ad
326 1146 549 1231 occupandum
573 1148 702 1232 collem,
726 1148 783 1232 qui
802 1152 873 1214 erat
892 1149 927 1213 in
945 1149 1077 1233 propin·
1098 1164 1131 1214 10

58 1259 141 1321 quo,
164 1236 324 1301 modicam
348 1258 481 1301 manum
504 1236 663 1321 mitteret,
689 1259 787 1322 seque
811 1238 924 1303 ducem
946 1237 999 1302 his
1022 1237 1078 1321 qui

57 1326 279 1391 mittebantur
307 1326 440 1391 obtulit:
470 1329 624 1392 avocatus
652 1326 687 1391 in
715 1327 879 1392 diuersum
901 1327 1007 1391 hostis
1031 1326 1077 1390 di-

58 1414 153 1480 misit
172 1414 352 1497 consulem,
371 1413 508 1480 Decium
528 1419 637 1480 autem
656 1415 758 1481 cinxit
776 1416 975 1500 obseditque.
1002 1416 1077 1479 illas

59 1524 188 1587 quoque
208 1504 376 1587 angustias
395 1508 493 1568 noctu
512 1505 684 1588 eruptione
701 1503 791 1569 facta
809 1526 881 1569 cum
900 1505 1077 1568 frustratus

58 1595 149 1658 esset
165 1592 298 1676 Decius,
322 1591 495 1657 incolumis
517 1614 590 1657 cum
609 1593 768 1658 militibus
788 1593 913 1658 consuli
932 1593 1077 1658 accessit.
1098 1606 1130 1656 15

132 1681 183 1746 15.
205 1679 296 1746 Idem
315 1680 394 1746 fecit
413 1682 473 1746 sub
493 1682 596 1746 Atilio
611 1681 760 1747 Calatino
780 1682 911 1746 consule
929 1682 968 1761 is,
987 1681 1077 1745 cuius

56 1770 151 1835 uarie
173 1769 313 1834 traditur
335 1792 469 1834 nomen:
493 1771 548 1835 alii
571 1769 759 1853 Laberium,
781 1770 929 1834 nonnulli
948 1768 984 1843 Q.
1000 1767 1077 1833 Cae·

56 1859 190 1943 dicium,
205 1859 338 1942 plurimi
352 1858 565 1943 Calpurnium
579 1858 763 1923 Flammam
782 1858 959 1922 vocitatum
980 1857 1077 1940 scrip-

57 1953 182 2014 serunt.
231 1949 258 2012 is
292 1969 364 2013 cum
398 1948 575 2012 demissum
614 1948 649 2011 in
687 1969 758 2012 eam
795 1946 914 2011 uallem
951 1945 1079 2012 uideret

57 2037 250 2122 exercitum,
278 2039 368 2101 cuius
397 2038 501 2101 latera
529 2035 747 2119 omnia<que>
776 2035 944 2119 superiora
971 2033 1076 2099 hostis
1096 2052 1130 2102 2ο

55 2126 233 2209 insederat,
252 2125 441 2209 depoposcit
460 2129 493 2191 et
511 2127 636 2209 accepit
655 2128 818 2190 trecentos
838 2123 969 2202 milites,
995 2145 1077 2208 qnos

55 2214 269 2298 adhortatus,
305 2218 342 2278 ut
373 2214 493 2280 uirtute
526 2237 584 2279 sua
617 2215 791 2278 exercitum
825 2218 1005 2298 seruarent,
1042 2213 1077 2278 in

54 2304 200 2368 mediam
217 2304 352 2368 'uallem
386 2304 582 2369 decucurrit:
620 2308 652 2367 et
684 2303 724 2367 ad
757 2302 986 2388 opprimendos
1020 2324 1077 2368 eos

54 2393 202 2476 undique
229 2391 396 2458 descendit
423 2393 528 2457 hostis
555 2393 718 2478 longoque
747 2396 780 2457 et
807 2414 923 2477 aspero
950 2392 1076 2476 proelio

54 2485 205 2546 retentus
242 2483 445 2547 occasionem
482 2481 608 2546 consuli
644 2481 684 2545 ad
717 2480 951 2546 extrahendum
988 2501 1075 2544 exer·
1095 2495 1129 2545 as

55 2571 161 2635 citum
185 2570 282 2635 dedit.

129 2661 180 2724 16.
203 2656 239 2734 Q.
253 2659 414 2724 Minucius
439 2660 550 2725 consul
573 2659 607 2723 in
625 2657 774 2744 Liguria,
799 2659 939 2724 demisso
962 2657 997 2723 in
1021 2680 1076 2722 an·

132 2786 146 2832 1
167 2782 292 2850 erupitd
309 2797 343 2835 ea
357 2781 373 2835 l.
389 2782 406 2835 l.
424 2782 460 2848 13
479 2781 550 2836 iden
565 2781 716 2849 exemplum
730 2781 858 2848 1,1,111
878 2779 1016 2849 producto
1031 2779 1051 2834 d
1070 2779 1074 2850 Ι

55 2857 72 2906 5
91 2851 215 2907 inflectit
223 2853 258 2906 H
261 2852 297 2920 P,
316 2867 385 2907 corr.
400 2851 476 2919 edd.;
494 2853 529 2920 cf.
542 2852 631 2921 praef.
645 2850 666 2923 ἕ
675 2855 731 2919 121
752 2852 897 2920 tamquam
917 2850 940 2902 si
955 2851 986 2903 Η
1003 2852 1076 2904 tam·

55 2940 143 2992 quam
162 2923 202 2978 sic
221 2923 324 2979 Hartel
343 2925 348 2992 Ι
374 2927 390 2977 8
409 2923 480 2978 idem
498 2924 648 2993 exemplam
663 2926 689 2990 4,
704 2927 762 2988 5,e
783 2925 788 2991 Ι
809 2920 944 2977 decimius
958 2920 993 2987 P,
1012 2922 1077 2974 item

54 2996 156 3120 ruo
177 2992 554 3124 utusttu.ll.l
574 3000 682 3121 ..,..
694 2991 892 3133 sumu
905 2991 1077 3133 sunu

58 3143 90 3193 12
112 3084 294 3208 diueelilsisePl
319 3084 534 3209 ministrari]
554 3071 727 3193 iliensisc
744 3153 778 3191 ea
797 3137 813 3190 l.
820 3081 846 3189 l
864 3136 867 3202 Ι
890 3078 1012 3215 reticem
1030 3149 1077 3187 ex·

324 3208 542 3352 tusas
562 3209 742 3337 aare
755 3206 830 3332 aa
844 3204 1076 3345 reditas

55 3370 117 3409 noc.
137 3299 314 3423 clipunum
329 3354 381 3424 ΗΙ
408 3360 440 3409 rc
459 3353 484 3406 a
498 3353 533 3406 n
548 3352 594 3407 nic
610 3324 638 3406 i³
657 3356 661 3421 Ι
684 3322 830 3406 aedissam
845 3348 919 3416 ΗΡ,
938 3319 986 3403 eli.
1006 3348 1025 3401 a
1043 3365 1077 3403 ea

55 3427 73 3481 l.
88 3428 107 3481 l.
124 3428 129 3495 Ι
151 3430 185 3479 20
200 3423 296 3480 omnia
310 3425 381 3492 ΗΡ,
399 3444 446 3481 em.
468 3424 538 3479 Oua
558 3441 591 3479 ex
611 3425 627 3478 l.
643 3425 681 3489 tl
707 3428 739 3476 21
761 3421 889 3491 deposcit
902 3419 937 3475 H
950 3419 955 3489 Ι
975 3425 1009 3473 23
1029 3419 1077 3473 de·

56 3497 145 3553 currit
160 3496 205 3549 Η1
220 3499 225 3565 Ι
242 3500 271 3552 et
284 3498 335 3553 del.
352 3497 422 3552 Oua.
438 3497 498 3553 coll.
513 3497 529 3551 l.
546 3495 563 3550 l.
582 3499 585 3562 Ι
601 3501 636 3550 25
650 3495 775 3550 retentus
790 3495 809 3548 d
823 3510 856 3548 cce
869 3492 887 3546 l.
903 3493 920 3547 l.
940 3490 1076 3571 petendos

56 3570 90 3624 H
92 3571 138 3636 ΡΙ
156 3573 190 3623 27
202 3567 234 3635 Q.
245 3567 314 3624 Oud-
326 3569 384 3624 coll.
395 3569 557 3636 Licates
575 3567 606 3621 L.
616 3567 681 3620 ΗΡ
696 3567 699 3634 Ι
715 3562 893 3620 minutiusH
906 3565 911 3632 Ι
927 3561 1078 3616 dimissoP

877 3649 915 3706 2*
