2400 3944
413 184 522 239 maus
538 187 572 243 Il.
602 186 679 242 cAP.
699 192 724 243 ὅ.
1033 189 1076 253 59

128 349 158 416 5.
192 346 365 432 Thamyris
393 344 586 432 Scytharum
614 351 728 435 regina
755 348 877 434 Cyrum
904 350 1076 416 Persarum

55 441 177 505 ducem
204 457 308 521 aequo
330 434 434 501 Marte
462 442 640 503 certantem
668 440 820 506 simulato
848 445 938 505 metu
967 441 1077 505 elicuit

56 529 101 595 ad
124 531 220 592 notas
243 525 343 590 militi
366 538 424 590 suo
448 527 618 612 angustias
643 532 740 612 atque
763 528 823 610 ibi,
846 534 978 615 repente
1001 551 1076 595 eon·

56 638 156 683 uerso
180 615 324 700 agmine,
346 618 465 678 natura
487 616 551 682 loci
575 616 688 680 adiuta
711 616 840 683 deuicit.

130 705 161 771 6.
190 702 349 788 Aegyptii
371 703 552 769 conflicturi
576 704 644 769 acie
666 704 702 769 in
725 706 772 770 eis
795 706 931 790 campis,
959 707 1075 792 quibus
1095 724 1111 774 ὁ

57 796 191 860 iunctae
208 791 344 876 paludes
364 795 467 876 erant,
486 791 605 878 alg<a>
625 815 679 858 eas
698 797 910 859 contexerunt
927 797 1076 861 commis·

58 902 162 967 soque
189 881 314 964 proelio
336 878 450 966 fugam
473 881 667 947 simulantes
695 882 730 946 in
757 881 895 948 insidias
919 882 1074 966 <hostes>

57 973 293 1054 euocauerunt,
316 969 372 1053 qui
389 969 534 1054 rapidius
553 993 611 1055 per
629 970 743 1058 ignota
761 972 883 1037 inuecti
906 972 977 1037 loca
998 972 1075 1038 limo

56 1061 271 1128 inhaeserunt
293 1057 566 1142 circumuectique
590 1066 674 1145 sunt.

128 1149 158 1213 7.
190 1145 349 1230 Viriatus,
376 1169 417 1213 ex
443 1147 571 1213 latrone
599 1148 662 1213 dux
685 1146 936 1232 Celtiberorum,
964 1148 1076 1214 cedere
1096 1168 1129 1216 10

59 1260 95 1304 se
112 1236 272 1302 Romanis
296 1235 459 1320 equitibus
484 1237 642 1302 simulans
665 1258 766 1322 usque
790 1237 830 1302 ad
853 1238 961 1303 locum
983 1258 1076 1303 uora-

58 1328 214 1414 ginosum
236 1327 270 1389 et
291 1324 475 1408 praealtum
503 1346 559 1391 eos
581 1325 732 1410 perduxit
755 1330 800 1405 et,
830 1348 903 1392 cum
926 1326 995 1410 ipse
1018 1349 1076 1411 per

56 1414 184 1482 solidos
216 1435 255 1479 ae
285 1418 381 1478 notos
418 1413 481 1479 sibi
518 1415 677 1480 transitus
711 1415 873 1499 euaderet,
910 1415 1075 1482 Romanos

58 1505 195 1592 ignaros
218 1502 364 1567 locorum
387 1503 610 1588 immersosque
633 1504 712 1568 limo
736 1503 862 1569 cecidit.

127 1593 156 1658 8.
189 1590 323 1656 Fuluius
345 1591 523 1674 imperator
541 1590 705 1658 Cimbrico
727 1592 814 1658 bello
839 1594 978 1658 conlatis
1003 1614 1075 1657 cum
1097 1608 1128 1657 15
1152 1638 1156 1645 ,

58 1682 154 1748 hoste
178 1679 295 1746 castris
315 1679 439 1762 equites
459 1702 534 1746 suos
553 1681 650 1746 iussit
668 1680 837 1746 succedere
861 1680 901 1746 ad
924 1680 1074 1746 munitio·

57 1792 117 1836 nes
136 1790 250 1835 eorum
268 1768 492 1853 lacessitisque
509 1769 658 1835 barbaris
678 1769 828 1833 simulata
846 1768 926 1854 fuga
939 1768 1075 1854 regredi.

58 1859 216 1924 boccum
239 1877 297 1942 per
319 1857 445 1942 aliquot
462 1857 531 1922 dies
549 1857 692 1941 fecisset,
717 1857 809 1922 auide
829 1857 1075 1942 insequentibus

56 1945 216 2029 Cimbris,
235 1945 464 2011 animaduertit
481 1951 588 2012 castra
608 1967 719 2012 eorum
740 1947 839 2012 solita
858 1946 983 2011 nudari.
1015 1946 1074 2011 ita-

58 2057 122 2122 que
150 2056 209 2119 per
231 2038 357 2119 partem
381 2035 538 2100 exercitus
562 2035 726 2100 custodita
749 2034 982 2100 consuetudine
1005 2036 1075 2119 ipse
1095 2052 1128 2100 ao

57 2147 133 2190 cum
161 2124 320 2207 expeditis
347 2127 422 2207 post
448 2127 556 2188 castra
582 2122 727 2189 hostium
755 2124 903 2190 consedit
930 2124 1075 2190 occultus

56 2212 233 2296 effusisque
263 2211 310 2276 eis
338 2233 377 2276 ex
404 2234 493 2279 more
524 2217 657 2296 repente
690 2213 823 2279 adortus
852 2214 885 2278 'et
911 2213 1075 2277 desertum

56 2301 189 2388 proruit
211 2301 335 2365 uallum
356 2306 390 2366 et
411 2304 520 2367 castra
543 2301 636 2385 cepit

126 2390 158 2456 9.
191 2387 248 2455 On.
270 2388 419 2473 Fuluius,
452 2413 525 2455 oum
558 2391 592 2454 in
620 2390 738 2455 finibus
766 2391 888 2456 nostris
916 2391 1074 2455 exercitus

55 2479 264 2546 Faliscorum
289 2480 388 2562 longe
414 2483 528 2544 nostro
556 2478 660 2545 maior
688 2483 795 2546 castra
816 2480 990 2564 posuisset,
1018 2500 1075 2562 per
1094 2494 1127 2542 ao

58 2567 284 2634 suos-milites
303 2567 461 2652 quaedam
479 2569 592 2652 procul
610 2591 630 2632 a
648 2569 764 2633 castris
785 2568 929 2633 aedificia
947 2589 1075 2632 succen-

54 2658 121 2738 dit,
149 2661 187 2720 ut
209 2654 332 2721 Falisci
360 2677 434 2721 suos
462 2656 495 2720 id
523 2656 639 2722 fecisse
667 2657 832 2722 credentes
856 2678 912 2742 spe
936 2656 1074 2740 praedae

55 2743 324 2810 diffunderentur.

129 2833 181 2898 10.
204 2833 389 2898 Alexander
407 2833 559 2918 Epirotes
580 2833 734 2899 aduersus
753 2834 884 2917 Illyrios
904 2832 1075 2898 conlocata

134 2997 148 3044 1.
167 2989 286 3045 Tomiris
307 2989 335 3043 P
358 2994 361 3055 Ι
387 2990 560 3044 schitharum
577 2991 668 3060 (prior
686 2992 704 3044 h
723 2995 796 3062 esp.)
814 2990 849 3044 H
873 2989 1007 3044 scitatum
1024 2987 1052 3041 P
1070 2988 1073 3057 l

56 3060 235 3118 snotosH¹
251 3064 255 3130 1
272 3078 336 3116 suos
351 3061 386 3116 H
400 3067 464 3117 ante
481 3077 534 3114 ros.
552 3065 557 3120 1
574 3066 590 3114 6
605 3061 699 3129 algeas
715 3061 750 3116 H
754 3062 787 3127 P,
806 3076 874 3115 corr.
889 3061 909 3115 d
924 3065 928 3124 1
945 3065 960 3114 7
980 3058 1075 3112 hostes

56 3134 150 3203 suppl.
169 3134 203 3198 d;
221 3133 291 3198 sorte
309 3133 421 3187 Persas:
441 3133 475 3197 cf.
491 3137 521 3199 2,
536 3137 620 3196 3,13.
641 3133 812 3203 Polyarat,
826 3135 863 3186 16
878 3132 882 3201 Ι
904 3135 937 3184 10
956 3128 1075 3184 Celtibe·

57 3221 155 3260 rorum
178 3205 241 3259 eicit
260 3203 329 3258 Oud.
363 3201 563 3258 Lusitanorum
581 3203 666 3258 Ded:
689 3204 723 3270 cf.
739 3203 830 3272 praef.
849 3201 869 3274 ἕ
889 3206 923 3257 11
953 3203 957 3270 t
989 3206 1020 3254 11
1045 3216 1075 3255 se

55 3291 109 3331 om.
131 3274 175 3329 H¹
200 3277 205 3343 Ι
228 3273 433 3342 uoraginistum
460 3276 500 3339 (st
525 3276 556 3328 ia
579 3291 634 3328 ras.
653 3274 682 3344 le)
706 3273 741 3328 H
762 3277 766 3342 Ι
793 3279 825 3328 15
855 3273 995 3344 cymbrico
1015 3272 1080 3327 ΗΡ
1121 3308 1124 3313 -

58 3344 230 3400 Celtiberico
242 3345 312 3401 Oud.
327 3346 386 3401 coll.
397 3345 464 3401 Isiu.
473 3350 518 3411 40,
528 3348 651 3401 30-32:
664 3345 870 3416 1111111βὲ11
888 3348 892 3414 t
909 3345 1035 3400 conlatus
1044 3343 1079 3397 H

56 3423 124 3472 ante
136 3432 192 3471 ras.
209 3418 213 3481 1
231 3422 264 3472 17
279 3416 440 3488 simulatassf
450 3420 517 3484 (que
532 3420 613 3483 eras.)
629 3416 664 3471 H
676 3419 680 3484 Ι
697 3420 729 3470 19
745 3416 865 3484 cymbris
875 3417 910 3472 H
912 3416 940 3470 P
955 3415 1075 3471 Celtibe-

56 3486 98 3542 ris
115 3487 207 3554 Oedi
228 3493 263 3542 20
280 3487 490 3558 pereoeproH
502 3489 507 3556 Ι
523 3493 557 3542 27
576 3487 675 3542 fecisse
694 3487 768 3542 seH
780 3488 784 3555 l
801 3494 834 3542 29
849 3487 978 3558 Epirotes
993 3487 1075 3540 Zach-

57 3560 167 3613 mee‘ster
189 3559 305 3628 epirotia
319 3558 355 3612 H
375 3575 409 3613 ex
428 3557 544 3628 epirotis
558 3558 587 3612 P
606 3574 655 3612 rex
669 3559 847 3628 Epirotarum
862 3560 881 3614 d
897 3565 901 3626 l
921 3557 1029 3625 yllirios
1044 3557 1079 3610 H
