2400 3944
422 199 533 254 LIBER
551 201 571 255 Ι.
602 199 677 254 ΟΑΡ.
700 205 778 254 1-2.
1085 202 1105 265 9

83 361 203 427 studio
222 362 258 425 in
276 362 453 427 amicitiam
472 362 539 426 eius
558 364 740 445 peruenire:
765 386 828 448 qua
846 363 875 427 is
893 363 1017 448 potitus
1037 385 1109 429 oon-

85 451 168 516 silia
192 451 261 514 eius
283 454 362 515 nota
386 450 510 515 ciuibus
535 451 603 515 suis
626 451 775 517 faciebat.

157 539 190 602 4.
213 538 304 603 Idem
323 538 611 622 Carthaginienses
630 540 798 624 miserunt,
818 541 874 624 qui
888 563 950 625 per
969 542 1108 624 speciem

83 629 277 712 legatorum
305 627 404 712 longo
431 631 577 712 tempore
604 627 727 693 Romae
755 633 957 694 morarentur
984 630 1108 714 excipe

84 720 228 800 rentque
252 716 389 780 consilia
410 720 607 782 nostrorum.
757 760 763 770 ·
1126 731 1142 781 5

135 804 165 870 5.
194 803 237 869 M.
261 802 342 869 Cato
366 805 401 868 in
424 803 598 888 Hispania,
629 807 704 889 quia
733 805 773 869 ad
801 805 945 870 hostium
970 807 1107 872 consilia

87 894 158 959 alia
177 892 233 957 uia
249 894 418 976 peruenire
432 916 499 959 non
517 898 679 978 potuerat,
698 893 794 958 iussit
807 897 970 958 trecentos
984 896 1105 959 milites

86 981 191 1047 simul
208 981 365 1064 impetum
384 981 490 1047 facere
508 982 543 1046 in
560 983 737 1048 stationem
755 983 900 1047 hostium
914 985 1106 1067 raptumque

86 1092 192 1136 unum
212 1091 250 1134 ex
268 1069 320 1134 his
339 1071 374 1135 in
393 1073 501 1135 castra
523 1072 667 1154 perferre
690 1072 899 1143 incolumem:
922 1075 1029 1137 tortus
1052 1073 1106 1136 ille

87 1159 203 1226 omnia
226 1181 358 1223 suorum
382 1181 500 1224 arcana
523 1160 690 1225 confessus
715 1165 773 1225 est.
1127 1175 1159 1223 10

160 1247 191 1312 6.
219 1245 252 1312 Ο.
275 1246 400 1311 Marius
429 1249 543 1313 consul
571 1248 658 1313 bello
682 1247 845 1314 Cimbrico
874 1253 907 1313 et
929 1248 1106 1314 Teutonico

87 1337 133 1402 ad
152 1336 376 1401 excutiendam
392 1336 560 1400 Gallorum
575 1341 607 1401 et
620 1336 776 1422 Ligurum
794 1337 892 1401 fidem
911 1337 1039 1403 litteras
1059 1339 1106 1402 eis

86 1425 197 1507 misit,
224 1447 359 1509 quarum
383 1448 460 1509 pars
484 1426 573 1510 prior
600 1426 836 1510 praecipiebat,
862 1447 904 1490 ne
927 1425 1107 1508 interiores,

85 1535 175 1598 quae
193 1514 422 1598 praesignatae
442 1517 544 1597 erant,
564 1517 638 1579 ante
658 1520 781 1578 certum
798 1517 928 1597 tempus
944 1515 1106 1598 aperiren-

83 1609 157 1666 tur:
182 1602 310 1666 easdem
333 1606 447 1685 postea
469 1606 543 1667 anto
561 1604 792 1686 praestitutum
811 1603 896 1667 diem
914 1603 1045 1687 repetiit
1064 1605 1104 1686 et,
1126 1615 1158 1664 15

84 1691 168 1775 quia
194 1690 380 1774 resignatas
406 1694 609 1775 reppererat,
635 1692 797 1757 intellexit
818 1690 953 1755 hostilia
976 1692 1104 1775 agitari.

160 1778 236 1860 [Est
267 1781 300 1842 et
332 1778 419 1843 aliud
452 1779 641 1863 explorandi
675 1799 792 1863 genus,
825 1800 889 1860 quo
918 1779 981 1861 ipsi
1010 1780 1105 1844 duces

82 1867 181 1933 nullo
206 1868 404 1933 extrinsecus
428 1868 587 1933 adiutorio
611 1889 670 1952 per
694 1889 728 1931 se
751 1866 938 1951 prouident,
963 1867 1059 1946 siout]

161 1957 188 2020 7.
212 1955 369 2020 Aemilius
388 1957 509 2021 Paulus
529 1957 652 2039 consul,
675 1956 763 2019 bello
782 1953 922 2018 Etrusco
946 1954 1031 2038 apud
1052 1976 1104 2038 op-

81 2043 202 2130 pidum
218 2043 429 2109 Vetuloniam
450 2044 649 2110 demissurus
670 2043 846 2108 exercitum
869 2042 904 2106 in
927 2042 1105 2128 planitiem,
1124 2058 1158 2107 20

83 2133 330 2216 contemplatus
370 2135 483 2217 procul
524 2134 634 2197 auium
675 2132 915 2197 multitudinem
956 2132 1105 2196 citatiore

83 2222 206 2287 uolatu
233 2242 272 2286 ex
300 2220 384 2286 silua
412 2223 663 2305 consurrexisse,
696 2221 857 2286 intellexit
885 2220 1009 2306 aliquid
1036 2221 1106 2285 illio

82 2310 282 2376 insidiarum
314 2311 431 2390 latere,
464 2310 549 2396 quod
582 2313 615 2375 et
646 2310 808 2375 turbatae.
828 2331 904 2375 aues
937 2313 969 2373 et
997 2310 1104 2392 plures
1134 2382 1136 2386 Α

85 2400 190 2465 simul
222 2399 439 2464 euolauerant.
484 2400 672 2483 praemissis
705 2399 806 2484 igitur
844 2399 1104 2481 exploratoribus

85 2487 263 2572 comperit,
285 2487 396 2553 decem
420 2489 510 2552 milia
528 2488 685 2553 Boiorum
709 2487 897 2571 excipiendo
921 2487 967 2551 ibi
987 2487 1104 2551 Roma·
1124 2498 1157 2548 ao

82 2598 207 2643 norum
231 2577 354 2660 agmini
377 2577 547 2659 inminere,
570 2598 672 2660 eaque
696 2575 760 2640 alio
780 2597 878 2660 quam
897 2577 1104 2659 exspectaba-

85 2669 145 2730 tur
167 2665 269 2728 latere
293 2665 402 2729 missis
425 2665 607 2750 legionibus
631 2664 846 2730 circumfudit.

159 2753 188 2818 8.
212 2751 369 2817 Similiter
387 2752 578 2818 Tisamenus
599 2752 722 2818 Orestis
746 2753 847 2836 filius,
870 2774 943 2817 cum
962 2752 1105 2817 audisset

162 2933 178 2981 3
202 2929 352 3010 asumptum
370 2934 523 3010 suspectum
541 2928 621 3011 babet
643 2926 835 3009 Waclrsmutt5
858 2925 893 2993 cf.
907 2924 1000 3006 praef.
1019 2924 1040 2995 §
1058 2931 1076 2980 9

208 3016 317 3111 rr
332 3000 414 3067 ΗΝ
430 3005 446 3054 ⁹
465 2995 1104 3139 marraufarassau..

87 3070 204 3211 igpgiat
214 3088 253 3194 ll‘l
264 3071 499 3210 l‘ldpb'rgnbtiefld
514 3145 518 3209 Ι
534 3074 569 3195 Ι16
587 3087 786 3209 priestitutaiir
802 3139 846 3208 ΡΙ
864 3141 897 3190 16
916 3084 1086 3206 signaaifl
1098 3140 1101 3212 l

88 3217 122 3267 17
143 3211 196 3266 Est
210 3243 243 3252 —
259 3211 332 3266 siout
349 3214 442 3268 alicua
461 3228 514 3266 case
532 3213 606 3266 uidit
621 3211 708 3278 Oud.‚·
725 3212 760 3277 cf.
771 3209 862 3293 praef,
881 3208 902 3279 §
916 3214 933 3264 9
950 3210 955 3277 Ι
980 3215 1012 3263 19
1032 3209 1104 3265 Pau-

86 3282 626 3410 lulladilabuutur
638 3286 716 3407 bit
727 3281 984 3407 tttlttttt
994 3282 1104 3407 tlt:

86 3425 194 3481 ioniam
211 3425 281 3508 oua.
301 3425 451 3509 cortonam
468 3423 611 3480 oraveram
629 3425 688 3478 aza
705 3395 766 3506 iar.
781 3394 808 3491 s',
823 3393 884 3489 sal
907 3393 1012 3504 cimas.
1027 3371 1080 3477 ai>

86 3497 412 3635 {imurlpsrlrpzic'orlrrlp
430 3512 481 3551 om.
495 3494 539 3548 Ηι
563 3498 568 3562 l
594 3500 627 3549 26
647 3511 743 3563 agmrn
758 3495 802 3548 H²
827 3496 831 3565 Ι
856 3500 890 3548 28
908 3495 1059 3548 tremamus
