2400 3944
120 166 172 256 36¹
326 187 400 244 run
418 186 594 243 saourrur
614 184 936 243 srmrncnncrou

188 351 218 420 5.
250 350 495 436 Epaminondas
523 349 698 415 Thebanus
732 349 934 415 contristatis
967 351 1136 438 militibus,

122 441 208 527 quod
231 462 270 505 ex
292 440 389 505 hasta
413 440 482 504 eius
505 443 732 505 ornamentum
759 437 881 503 infulae
906 460 999 505 more
1023 441 1137 528 depen-

122 530 201 595 dens
237 531 355 594 uentus
393 528 540 593 ablatum
576 527 611 592 in
648 525 855 611 sepulchrum
888 526 1137 596 Lacedaemonii

121 618 287 685 cuiusdam
306 618 488 702 depulerat,
508 615 642 700 ‘nolite'‚
660 616 780 700 inquit,
799 615 942 701 ‘milites
960 619 1137 705 trepidare;

85 707 387 773 thacedaemoniis
416 705 621 790 significatur
648 705 815 770 interitus:
848 705 1023 789 sepulchra
1055 709 1137 774 enim

120 796 288 862 funeribus
312 793 491 862 ornentur’.

187 886 217 951 6.
245 885 350 968 Idem,
374 907 447 950 cum
469 883 526 948 fax
548 883 588 948 de
612 883 703 949 caelo
726 884 823 948 nocte
846 882 982 967 delapsa
1006 905 1065 950 eos
1089 885 1137 970 qui

121 973 422 1040 animaduerterunt
443 972 627 1056 terruisset,
649 970 802 1055 ‘lumen',
828 971 950 1055 inquit,
980 971 1063 1039 ‘hoc
1085 996 1137 1039 nu·

119 1064 209 1128 mina
232 1060 435 1128 ostendunt'.

69 1168 102 1217 10
189 1152 218 1215 7.
247 1150 348 1234 Idem,
371 1150 516 1214 instante
540 1148 697 1214 aduersus
720 1147 996 1214 Lacedaemonios
1020 1171 1138 1237 pugna,

122 1262 196 1306 cum
220 1238 320 1303 sedile
346 1239 382 1301 in
404 1259 469 1322 quo
491 1237 657 1302 resederat
679 1237 902 1303 succubuisset
927 1240 961 1303 et
983 1238 1017 1302 id
1042 1241 1138 1326 uulgo

121 1348 181 1413 pro
213 1327 302 1391 tristi
331 1326 561 1412 [exciperetur]
592 1325 830 1411 significatione
861 1325 990 1392 confusi
1017 1328 1138 1394 milites

121 1417 429 1501 interpretarentur,
451 1412 587 1497 ‘immo',
608 1415 727 1499 inquit,
751 1415 912 1480 ‘notamur
935 1415 1072 1482 sedere'.

189 1505 219 1571 8.
243 1502 278 1570 G.
295 1502 457 1589 Sulpicius
478 1502 590 1569 Gallus
614 1502 775 1569 defectum
798 1504 895 1569 lunae
917 1504 1140 1585 inminentem,
1179 1504 1181 1511 '

70 1609 103 1659 15
122 1615 163 1658 ne
186 1615 247 1678 pro
271 1596 400 1658 ostento
425 1591 610 1677 exciperent
632 1593 768 1677 milites,
793 1593 957 1677 praedixit
983 1593 1141 1679 futurum,

123 1682 242 1749 additis
267 1682 449 1748 rationibus
473 1682 643 1766 causisque
666 1681 866 1748 defectionis.

189 1772 220 1838 9.
243 1768 444 1855 Agathocles
464 1768 687 1856 Syracusanus
708 1770 864 1835 aduersus
883 1770 1021 1855 Poenos,
1041 1772 1142 1838 simili

123 1860 267 1926 eiusdem
290 1860 406 1926 sideris
430 1860 650 1925 deminutione
674 1860 750 1942 quia
774 1859 833 1924 sub
854 1858 939 1923 diem
956 1880 1089 1946 pugnae
1107 1863 1142 1926 ut

121 1949 273 2034 prodigio
297 1950 419 2014 milites
443 1950 494 2013 sui
517 1948 718 2015 consternati
742 1952 848 2032 erant,
871 1948 999 2013 ratione
1021 1971 1089 2034 qua
1111 1950 1142 2015 id

69 2055 103 2105 2ο
122 2038 283 2104 accideret
296 2037 446 2122 exposita
459 2037 577 2117 docuit,
596 2036 753 2122 quidquid
770 2036 853 2101 illud
867 2037 962 2120 foret,
976 2038 1143 2105 adrerum

121 2131 287 2210 naturam,
310 2149 377 2192 non
401 2125 441 2190 ad
462 2126 610 2210 ipsorum
632 2125 838 2210 propositum
861 2127 1034 2209 pertinere.

191 2216 242 2280 10.
265 2214 417 2293 Pericles,
440 2235 513 2278 cum
536 2215 570 2277 in
594 2218 702 2279 castra
725 2215 793 2280 eius
816 2214 940 2280 fulmen
966 2215 1143 2283 decidisset
1167 2228 1171 2234 '

121 2302 356 2387 terruissetque
385 2302 521 2384 milites,
549 2301 709 2368 aduocata
736 2304 886 2369 contione
913 2304 1082 2388 lapidibus
1110 2308 1144 2371 in

122 2395 298 2476 conspectu
326 2390 471 2457 omnium
494 2389 626 2455 conlisis
650 2391 761 2476 ignem
784 2393 927 2458 excussit
950 2392 1143 2480 sedauitque

69 2497 103 2548 25
122 2480 415 2563 conturbationem,
433 2500 506 2544 cum
523 2477 687 2545 docuisset
701 2481 851 2546 similiter
864 2481 1000 2547 nubium
1015 2483 1144 2550 adtritu

122 2571 228 2636 excuti
249 2569 383 2635 fulmen.

192 2660 242 2722 11.
279 2657 467 2724 Timotheus
499 2658 714 2725 Atheniensis
752 2658 907 2724 aduersus
940 2657 1144 2744 Corcyraeos

197 2858 211 2906 1
237 2851 444 2922 Epimanondas
469 2850 529 2907 GH
554 2852 559 2920 Ι
587 2850 744 2905 theobanus
768 2850 812 2904 ΗἸ
837 2853 841 2920 1
871 2856 887 2906 2
910 2850 1068 2921 inpendens
1090 2853 1116 2909 0
1136 2852 1140 2924 l

124 2928 142 2976 4
160 2923 302 2979 detulerat
321 2923 390 2979 Oad.
408 2926 412 2992 Ι
432 2928 448 2978 5
467 2921 584 2979 interius
602 2921 649 2976 Η1
669 2925 673 2989 Ι
698 2927 715 2976 6
734 2920 896 2976 muneribus
913 2921 987 2978 Bas.
1011 2922 1041 2976 in
1060 2923 1143 2980 fune-

124 2992 202 3048 ribus
220 2995 250 3049 S.
261 2994 295 3050 G.
305 2994 350 3048 De
364 2994 441 3050 Vries
457 2998 461 3062 Ι
478 3000 493 3049 7
513 2992 872 3062 quianonaduerteruntH1
891 2993 940 3062 qui
956 2992 1143 3049 aduerterunt

124 3063 171 3134 ΡΙ
197 3070 229 3118 11
249 3063 368 3136 sedislsle
386 3065 469 3131 (duae
487 3065 539 3120 litt.
557 3066 665 3140 ausae)
679 3062 732 3133 ΗΙ
754 3069 786 3118 12
806 3065 981 3133 exciperetur
999 3064 1050 3120 del.
1066 3067 1144 3122 edd..-

124 3134 159 3202 cf.
175 3136 266 3204 praef.
284 3135 355 3206 §13
380 3137 384 3204 Ι
409 3133 643 3204 significationem
662 3134 697 3189 Η
713 3140 777 3190 acte
793 3151 849 3191 ros.
868 3141 894 3190 ct
909 3135 938 3188 P
960 3137 965 3204 1
989 3151 1040 3204 pro
1065 3136 1144 3192 tristi

124 3206 299 3287 exciperetur
321 3206 536 3276 significatione,
563 3207 592 3260 et
615 3205 654 3261 sic
678 3204 787 3260 confusi
805 3207 825 3262 d
851 3222 903 3276 pro
923 3207 943 3260 t.
964 3205 1143 3277 exciperetur

124 3345 700 3420 1,
722 3275 955 3419 1,

123 3387 181 3471 cles
190 3416 225 3470 H
228 3417 274 3498 Ρ]
292 3364 395 3488 18pqua
408 3420 476 3488 bPl
492 3424 527 3474 20
541 3392 688 3476 accederet
697 3420 767 3489 ΗΡ,
785 3436 854 3477 corr.
870 3422 928 3477 edd.
949 3348 1098 3477 acciddirita
1101 3424 1121 3479 d
1136 3420 1142 3495 Ι

124 3494 159 3569 22
177 3489 377 3558 terruissetque
397 3493 464 3560 (que
482 3497 628 3560 aspersos.)
641 3491 677 3546 Η
690 3493 694 3558 Ι
716 3497 752 3546 24
771 3495 952 3563 conspectum
970 3493 1016 3562 ΡΙ
1037 3498 1073 3548 25
1093 3494 1143 3550 ad-

123 3559 206 3615 tntus
221 3560 256 3614 H
271 3565 334 3615 acte
347 3576 402 3616 ras.
423 3561 428 3630 Ι
450 3565 484 3614 27
504 3577 647 3631 cercyreos
661 3563 696 3617 H
711 3562 847 3619 cercireos
866 3565 899 3632 P,
918 3580 987 3620 corr.
1006 3565 1067 3634 edd.
