2400 3944
381 191 492 246 LIBER
509 192 543 250 Π.
571 190 649 251 ΟΑΡ.
667 198 746 250 5-6.
1034 195 1075 259 73

126 357 157 422 4.
181 353 356 439 Hannibal,
375 377 448 421 cum
469 356 509 420 ad
524 354 781 421 Trasumennum
800 357 917 422 inclusi
936 356 1076 423 Romani

58 444 217 510 acerrime
230 447 426 530 pugnarent,
444 444 582 509 diductis
598 445 764 510 ordinibus
779 444 859 510 fecit
873 447 921 510 eis
935 447 1076 511 abeundi

56 536 257 619 potestatem
279 537 455 617 euntesque
477 534 546 597 sine
565 556 698 599 suorum
722 534 881 617 sanguine
905 537 1030 601 strauit.
1183 535 1185 543 ’

126 621 155 688 5.
189 621 375 711 Antigonus
398 643 455 686 rex
478 621 690 687 Macedonum
713 621 857 704 Aetolis,
881 625 936 708 qui
959 625 994 688 in
1019 625 1074 689 ob-

57 710 217 777 sidionem
248 712 288 776 ab
320 733 358 776 eo
391 711 550 795 compulsi
582 711 668 776 fame
700 712 922 796 urguebantur
955 716 1110 780 statue-5

57 805 196 884 rantque
219 800 389 883 eruptione
416 799 504 866 facta
527 801 698 882 commori,
729 800 817 864 uiam
845 801 942 884 fugae
971 801 1074 865 dedit:

58 893 155 973 atque
191 889 240 953 ita
271 887 410 953 infracto
440 889 564 972 impetu
593 911 703 954 eorum
740 889 905 954 insecutus
942 912 1075 955 auersos

59 977 186 1043 cecidit.

127 1067 156 1132 6.
195 1065 369 1150 Agesilaus
402 1065 674 1131 Lacedaemonius
708 1066 863 1130 aduersus
893 1066 1076 1152 Thebanos,

10 1158 19 1231 -J
59 1178 131 1224 cum
166 1155 234 1219 acie
266 1155 455 1240 confligeret
485 1154 761 1238 intellexissetqua
790 1156 900 1220 hostes
929 1157 1076 1221 locurum
1096 1176 1129 1224 10

10 1296 17 1323 ,2
60 1243 251 1310 condicione
274 1244 401 1309 clausos
425 1245 467 1308 ob
487 1244 746 1327 desperationem
769 1243 887 1309 fortius
910 1245 1075 1331 dimicare,

59 1334 179 1399 laxatis
203 1354 336 1399 suorum
359 1332 526 1398 ordinibus
551 1337 726 1417 apertaque
750 1333 913 1398 Thebanis
938 1335 979 1399 ad
1003 1357 1075 1400 eua-

58 1421 198 1486 dendum
230 1422 297 1505 uia,
328 1443 440 1486 rursus
472 1422 507 1485 in
539 1421 688 1487 abeuntis
720 1423 883 1487 contraxit
911 1425 1013 1488 aciem
1043 1429 1076 1488 et

10 1516 18 1581 ἒ
59 1512 128 1576 sine
152 1511 280 1575 iactura
303 1532 434 1575 suorum
458 1510 573 1575 cecidit
596 1532 736 1576 auersos.

10 1592 14 1649 ἶ
127 1600 155 1663 7.
180 1597 236 1664 On.
250 1598 391 1663 Manlius
411 1600 536 1682 consul,
560 1621 633 1663 oum
657 1622 695 1663 ex
714 1599 782 1663 acie
806 1620 955 1663 reuersus
979 1602 1075 1682 capta
1095 1616 1127 1666 15

10 1692 17 1773 j
58 1689 98 1753 ab
127 1687 277 1752 Etruscis
306 1687 530 1752 Romanorum
557 1691 665 1752 castra
695 1687 889 1770 inuenisset,
923 1689 1074 1753 omnibus

10 1836 12 1847 .
56 1779 163 1861 portis
196 1776 339 1841 statione
372 1775 577 1841 circumdatis
614 1776 756 1840 inclusos
793 1775 904 1840 hostes
936 1777 970 1839 in
1003 1798 1074 1841 eam

10 1864 14 1869 ’
56 1867 184 1930 rabiem
217 1864 380 1947 efferauit,
412 1868 449 1928 ut
481 1865 555 1948 ipse
585 1864 620 1927 in
651 1864 775 1947 proelio
809 1864 955 1928 caderet:
989 1867 1074 1948 quod

56 1953 138 2037 <ut>
158 1953 455 2018 animaduerteer
473 1953 575 2036 legati
594 1953 672 2035 eius,
691 1953 731 2017 ab
750 1975 815 2018 una
834 1957 930 2035 porta
947 1959 1075 2018 remota

56 2043 202 2108 statione
225 2044 348 2107 exitum
365 2041 512 2108 Etruscis
532 2041 690 2106 dederunt
709 2046 742 2106 et
760 2042 879 2106 effusos
903 2043 1073 2126 persecuti,
1092 2061 1126 2110 20

55 2133 246 2198 occurrente
269 2132 371 2196 altero
395 2131 527 2196 consule
551 2129 668 2212 Fabio,
692 2131 884 2195 ceciderunt.

125 2221 155 2285 8.
179 2218 414 2285 Themistocles
433 2221 520 2284 uicto
538 2218 643 2283 Xerxe
667 2218 814 2283 uolentes
839 2240 913 2284 suos
938 2223 1073 2304 pontem

53 2330 208 2393 rumpere
240 2308 422 2392 prohibuit,
455 2329 528 2372 cum
561 2308 724 2373 docuisset
756 2308 863 2390 aptius
896 2329 966 2372 esse
1000 2331 1073 2374 eum

55 2398 177 2482 expelli
199 2396 346 2482 Europa,
374 2419 471 2480 quam
501 2397 574 2481 cogi
602 2418 641 2460 ex
668 2396 896 2480 desperatione
919 2419 1073 2482 pugnare.

54 2486 144 2552 idem
174 2484 264 2550 misit
286 2486 327 2551 ad
351 2507 441 2569 eum,
474 2486 529 2568 qui
561 2486 733 2569 indicaret,
766 2486 800 2549 in
833 2509 896 2571 quo
929 2487 1072 2571 periculo
1093 2503 1126 2553 25

56 2578 158 2658 esset,
180 2575 245 2638 nisi
269 2573 382 2658 fugam
405 2577 595 2639 maturaret.

124 2663 155 2728 9.
187 2662 330 2748 Pyrrhus
353 2662 564 2747 Epirotarum
587 2683 655 2746 rex,
680 2683 751 2727 cum
776 2664 937 2746 quandam
961 2664 1073 2728 ciuita-

54 2757 123 2818 tem
156 2752 296 2835 cepisset
323 2752 505 2837 clausisque
538 2751 641 2834 portis
670 2773 708 2814 ex
737 2752 852 2815 ultima
880 2754 1072 2817 necessitate

130 2933 144 2980 1
165 2930 373 2994 trasymennum
397 2927 428 2980 Η
453 2925 656 2980 trasimennum
676 2925 724 2992 ΡΙ
747 2925 851 2979 inclusi
869 2925 995 2994 germani
1015 2928 1073 2992 (sed

54 2997 79 3053 si
97 3015 149 3068 ger
167 2999 184 3052 b
202 2998 235 3052 iu
252 3003 321 3065 rus.)
339 2998 408 3064 ΗΡ,
428 3015 475 3054 em.
490 2996 569 3052 Statu.
596 3002 599 3062 Ι
621 3003 636 3050 2
657 2994 766 3050 diducti
785 2995 829 3049 Η1
854 3001 858 3064 Ι
884 3003 900 3050 3
919 2997 1072 3065 euntesque

54 3069 106 3123 uP
117 3084 172 3138 qua
187 3067 249 3121 H1:
267 3070 362 3124 malim
379 3067 570 3136 abeuntesque
588 3072 591 3130 Ι
608 3065 667 3121 sine
682 3083 794 3121 suorum
812 3068 830 3120 h
848 3069 880 3121 iu
897 3083 952 3123 roc.
969 3067 1072 3129 14An·

54 3139 169 3210 tigonus
187 3139 228 3204 H,
245 3141 292 3195 sed
309 3139 377 3208 igon
395 3140 426 3194 iu
444 3155 499 3194 rus.
513 3140 551 3205 tl
575 3137 696 3208 Aetolis]
718 3140 746 3192 et
764 3137 840 3191 horis
860 3138 905 3205 ΡΙ
928 3143 944 3192 5
969 3139 1073 3192 statue·

54 3211 215 3279 rentqueH
231 3216 235 3275 Ι
254 3217 286 3264 11
305 3209 474 3265 dimicarent
492 3210 527 3262 H
541 3216 606 3265 acte
627 3226 681 3265 ras.
699 3212 703 3277 Ι
722 3210 881 3263 relaxatus
900 3209 944 3262 Η1
960 3209 964 3278 Ι
983 3215 1014 3263 13
1029 3209 1074 3262 in-

55 3281 223 3337 abeuntibus
246 3281 298 3350 ΗΙ
316 3286 349 3336 16
370 3279 501 3335 manilius
520 3280 588 3349 ΗΡ,
608 3297 677 3335 corr.
697 3282 755 3335 cdd.
774 3283 777 3346 Ι
797 3286 828 3334 16
847 3296 1024 3334 romanorum
1042 3280 1078 3333 H

55 3359 120 3409 aare
142 3368 198 3408 ras.
217 3368 334 3407 romana
351 3352 414 3407 tP:
437 3353 526 3406 acuero
543 3369 582 3407 aa
601 3352 787 3419 alienaverit,
811 3352 846 3418 cf.
862 3353 953 3421 praef.
972 3352 993 3422 ἕ
1011 3356 1046 3407 13

57 3430 89 3479 19
109 3426 143 3478 ut
161 3425 225 3479 add.
245 3425 305 3479 edd.
322 3426 326 3493 Ι
343 3423 635 3478 animaduertentesd
664 3426 668 3488 Ι
697 3422 781 3490 porta
801 3422 869 3478 Oud.
889 3425 969 3492 parte
990 3423 1053 3476 ΗΡ

55 3495 207 3550 remotiH
220 3498 224 3563 Ι
241 3500 274 3548 23
294 3494 402 3549 cautius
424 3493 493 3549 Oud.
517 3493 519 3564 Ι
540 3509 604 3547 eum
624 3509 686 3547 cum
705 3493 739 3547 H
765 3497 769 3561 1
798 3498 833 3547 24
852 3511 885 3548 ex
903 3494 1048 3563 Europad

54 3573 88 3622 26
109 3569 280 3622 maturasset
292 3566 337 3635 ΡΙ
359 3571 393 3620 27
412 3566 513 3633 Pyrrus
528 3564 594 3617 ΗΡ
