2392 3944
392 195 504 254 maan
519 197 554 254 u.
582 195 659 253 oar.
679 202 757 253 e-a
1039 197 1081 267 47

60 360 243 443 exercitus,
273 360 343 444 ipse
375 363 512 444 optuma
543 364 637 444 parte
662 358 783 425 uirium
812 382 942 428 suarum
970 360 1081 427 dextro

61 471 167 516 cornu
191 452 297 516 totam
319 448 481 515 circumiit
503 449 604 514 aciem
627 447 771 513 hostium
795 453 828 518 ct
850 449 978 515 auertit.

132 539 163 603 4.
187 537 224 602 Ρ.
238 535 407 603 Cornelius
426 535 549 622 Scipio,
573 538 624 602 cui
647 541 763 622 postea
785 537 939 608 Africano
964 559 1081 624 cogno·

62 648 141 691 men
163 626 241 709 fuit,
264 626 418 691 aduersus
441 625 682 691 Hasdrubalem
705 627 891 692 Poenorum·
911 628 1024 697 ducem
1046 629 1082 695 in

60 714 230 800 Hispania.
254 735 370 800 gerens
396 715 519 784 bellum
546 715 594 781 ita
621 737 680 799 per
707 715 879 781 continuos
905 716 972 781 dies
997 717 1116 787 ordi-e

60 809 181 871 natum
202 804 356 887 produxit
378 804 567 888 exercitum,
595 809 632 869 ut
655 804 762 869 media
785 804 876 871 ecies.
893 804 1080 870 fortissimis

61 892 263 961 fundamina
309 893 364 957 scd
397 914 469 957 cum
501 892 613 957 hostes
646 914 773 977 quoque
807 893 922 959 eadem
952 893 1081 959 ratione

62 981 199 1050 adsidue
222 981 364 1049 ordinati
386 981 612 1066 procederent,
641 978 749 1065 Scipio
774 1002 811 1046 eo
835 981 898 1064 di'e,
928 1003 991 1066 quo
1016 985 1081 1047 sta·

61 1074 177 1142 tuerat
195 1068 380 1154 decernere,
403 1069 618 1136 commutauit
640 1069 864 1135 instructionis
883 1069 1030 1135 ordinem
1048 1076 1081 1137 et

61 1158 268 1224 firmissimos
294 1159 340 1240 [id
360 1162 409 1224 est
427 1158 639 1244 legionarios]
664 1159 700 1222 in
722 1158 872 1222 comibus
896 1159 1080 1226 conlocauit
1099 1177 1133 1229 10

61 1270 100 1315 ac
127 1247 234 1316 leuem
262 1251 461 1317 armaturam
489 1248 524 1311 in
552 1247 659 1313 media
691 1245 773 1331 acie,
805 1247 860 1312 sed
892 1251 1080 1315 retractem:

60 1337 110 1402 ita
141 1336 306 1420 corn-ibus,
338 1337 455 1421 quibus
485 1337 556 1420 ipse
587 1335 809 1419 praeuclebct‚
842 1336 1080 1403 infirmissimos

60 1425 208 1491 hostium
230 1429 342 1511 partes
365 1425 479 1491 lunata
502 1425 570 1490 acie
594 1425 769 1509 adgressus
792 1424 886 1490 facile
908 1425 1003 1493 fudit.

129 1513 160 1581 5.
183 1513 336 1580 Metellus
355 1513 390 1579 in
408 1512 578 1597 Hispania,
596 1534 634 1579 eo
653 1514 785 1598 proelio.
798 1536 861 1598 quo
880 1513 1079 1581 Hirtuleium

60 1602 196 1686 deuicit,
223 1624 296 1669 cum
320 1603 532 1686 comperisset
555 1602 705 1668 cohortes
730 1604 812 1686 eius,
841 1625 923 1687 quac
947 1604 1131 1672 ualidis-15

60 1691 166 1757 simae
184 1692 397 1774 uocabantur,
419 1691 453 1755 in
471 1691 578 1758 media
597 1691 666 1757 aoie
688 1693 826 1772 locatas,
848 1693 919 1775 ipse
937 1693 1078 1757 mediam

61 1801 195 1846 suorum
223 1780 325 1846 aciem
352 1779 494 1862 reduxit,
522 1802 565 1845 ne
593 1801 631 1844 ee
658 1784 750 1865 parte
779 1783 853 1844 ante
882 1801 955 1844 cum
983 1780 1078 1846 hoste

25 1944 29 1951 ¹
60 1868 267 1955 confligeret,
288 1891 385 1955 quam
404 1870 555 1934 cornibus
574 1869 775 1952 complicatis
795 1868 919 1934 medios
938 1869 1078 1953 undique

59 1958 339 2025 circumueuisset.

128 2047 159 2113 6.
182 2047 379 2114 Artaxerxes
400 2046 554 2112 aduersus
574 2044 727 2128 Graecos,
751 2047 806 2129 qui
824 2046 959 2110 Persida
979 2047 1077 2110 intra·
1096 2063 1130 2113 20

58 2139 186 2219 nerant
209 2157 281 2203 cum
300 2135 508 2202 multitudine
526 2140 703 2218 superaret,
725 2135 823 2200 latius
843 2156 941 2219 quam
964 2135 1076 2201 hostes

58 2226 130 2292 acie
151 2225 314 2291 instructa
335 2226 370 2290 in
392 2224 500 2290 fronte
520 2223 719 2308 (peditem),
744 2223 886 2308 equitem
909 2224 1077 2310 leuemque

58 2317 260 2379 armaturam
281 2313 318 2379 in
340 2313 499 2379 cornibus
512 2312 706 2378 conlocauit:
730 2317 827 2398 atque
849 2313 897 2378 ita
921 2333 960 2378 ex
983 2313 1077 2379 iudu-

58 2402 142 2468 staia
171 2403 291 2467 lentius
323 2400 517 2487 procedente
549 2401 656 2467 media
689 2402 756 2467 acie
789 2402 900 2486 copias
932 2402 1078 2468 hostium

58 2491 163 2557 cinxit
186 2490 375 2574 ceciditque.
1097 2507 1130 2558 re

128 2581 165 2659 7.ι
189 2577 311 2645 Contra
338 2578 506 2644 Hannibal
534 2578 575 2644 ad
599 2577 728 2645 (lennes
755 2579 896 2644 reductis
926 2580 1077 2649 cornibus

55 2669 277 2754 productaque
300 2668 407 2734 media
430 2668 498 2733 acie
516 2672 648 2734 nostros
671 2668 776 2752 primo
798 2668 923 2751 impetu
946 2673 1076 2752 protru-

57 2758 110 2823 sit
150 2757 237 2822 idem
260 2761 410 2823 conserto
433 2757 572 2842 proelio,
599 2757 757 2839 paulatim
780 2757 921 2825 inuicem
944 2759 1076 2823 sinuan-

55 2846 146 2913 tibus
170 2847 482 2932 procedentibuequc
507 2845 547 2911 ad
565 2850 773 2930 praeceptum
792 2847 960 2930 cornibus,
983 2846 1076 2911 auide

55 2936 285 3019 insequentem
312 2935 442 3001 hostem
470 2935 505 2999 in
532 2935 672 2999 mediam
701 2933 802 2998 aciem
831 2957 923 2999 suam
952 2934 1075 3018 recepit
1094 2951 1128 3001 30

130 3080 145 3128 1
166 3073 277 3144 optima
294 3075 333 3142 dl
355 3075 441 3131 cerba
460 3074 558 3128 dextro
578 3089 665 3128 cornu
683 3073 817 3128 immerito
834 3077 960 3140 sospena
978 3072 1077 3127 lcoboit

56 3146 137 3203 Saea
161 3148 166 3215 Ι
195 3151 211 3200 2
232 3145 337 3201 circuit
350 3145 394 3200 ΗΙ
423 3144 552 3201 circumit
569 3147 587 3199 lc
611 3147 616 3214 1
642 3152 657 3199 3
678 3143 772 3214 Scipio
792 3159 842 3199 om.
864 3142 892 3196 P
910 3147 915 3209 1
945 3149 960 3197 'l
980 3142 1075 3199 hostes

55 3234 106 3274 om.
117 3216 153 3272 H
154 3218 162 3248 ¹
178 3219 184 3286 Ι
201 3221 235 3272 10
248 3215 279 3270 id
293 3218 337 3271 est
350 3216 522 3287 legionarios
540 3217 640 3272 demit
653 3215 816 3284 Weceelicp:
835 3215 870 3281 cs.
881 3214 972 3283 praef.
987 3213 1053 3286 §13
1070 3215 1073 3286 Ι

55 3287 242 3346 cornubueH
251 3293 315 3344 cate
328 3305 383 3344 ras.
400 3291 405 3358 1
423 3293 455 3343 16
471 3287 599 3343 cohortes
618 3304 668 3342 om.
680 3288 709 3341 P
722 3289 726 3352 1
744 3292 777 3340 16
796 3285 975 3345 iactabantur
989 3286 1074 3341 Groa.

54 3360 230 3416 uidebantur.
244 3358 409 3429 Woelfflin!
436 3364 469 3414 18
488 3357 653 3426 confligeret
672 3360 701 3412 et
714 3357 749 3412 H
766 3358 770 3428 Ι
791 3355 949 3426 confligatis
963 3358 992 3412 P
1012 3374 1074 3438 pro·

54 3431 162 3502 fligatie
182 3431 263 3487 Mod.
287 3430 457 3486 conflictatio
476 3431 601 3485 Eussner
617 3433 621 3495 1
645 3433 679 3482 20
698 3428 878 3484 Artarxerxes
892 3428 937 3498 ΡΙ
953 3427 1076 3497 persidia

54 3503 99 3628 ff
123 3501 266 3572 persidam
285 3503 313 3557 P
318 3514 347 3628 p
359 3509 393 3557 22
412 3502 538 3572 peditem
556 3501 696 3571 erspplecit
714 3500 840 3556 Eussner
861 3503 865 3567 Ι
888 3505 923 3554 24
942 3499 1072 3555 aciemn.

92 3575 100 3604 ¹
121 3579 126 3643 l
150 3579 185 3629 30
203 3574 233 3629 iu
252 3591 302 3631 om.
